3952 6394
465 397 600 452 “55

983 501 1204 557 CAPUT
1242 498 1470 553 XXVIII.
2027 495 2074 550 Α

1064 591 1146 645 Ea:
1196 589 1391 643 eodem.

536 724 556 756 ι
603 704 667 759 Et
696 704 994 775 egredietur
1034 701 1286 754 Dominus
1329 706 1382 753 et
1445 697 1775 768 praeliabitur
1818 703 2007 750 contra

466 805 652 867 gentes
685 790 802 850 illas
829 834 843 857 ,
892 800 1027 847 sicut
1074 791 1343 860 prteliatus
1372 798 1456 844 est
1512 790 1568 842 in
1623 788 1712 842 die
1753 786 2010 841 certami.

468 888 571 939 nis.
601 927 617 939 .
681 924 698 941 .
737 923 750 937 .
782 925 795 938 .
838 882 896 934 Et
928 881 1099 933 veniet
1128 879 1383 931 Dominus
1422 876 1559 931 Deus
1588 891 1758 938 meus,
1788 889 2009 928 omnes-

468 992 569 1045 que
597 975 765 1030 sancti
786 987 901 1026 cum
929 986 992 1024 eo
1020 970 1083 1022 ⁸⁸.
1110 988 1129 1021 ι
1159 969 1220 1021 Et
1247 970 1356 1022 haec
1387 968 1489 1021 rati
1513 967 1579 1022 de
1599 966 1841 1022 secundo
1895 965 2003 1021 dici

609 1064 807 1119 Christi
834 1062 1063 1115 adventu
1096 1059 1416 1113 notavimus.

1010 1231 1233 1288 CAPUT
1273 1230 1459 1285 XXIX.

1050 1326 1098 1380 E
1128 1326 1413 1381 Malachia.

543 1462 561 1492 ι
596 1439 714 1495 Νοιι
740 1447 823 1494 est
847 1439 979 1494 mihi
1010 1442 1255 1493 voluntas
1289 1439 1344 1492 in
1369 1438 1541 1501 vobis,
1564 1437 1697 1492 dicit
1736 1437 2002 1493 Dominus

468 1534 848 1603 omnipotens:
877 1541 931 1585 et
985 1546 1182 1585 munus
1226 1545 1333 1584 non
1388 1531 1678 1599 Suscipiam
1728 1530 1794 1585 de
1840 1545 2002 1584 manu

465 1632 663 1681 vestra.
694 1624 774 1677 Ab
801 1629 922 1677 ortu
947 1624 1089 1677 enim
1121 1624 1251 1677 solis
1282 1639 1453 1692 usque
1479 1624 1543 1677 ad
1575 1637 1847 1684 occasum,
1884 1638 2003 1675 ma—

465 1730 627 1784 gnum
688 1720 768 1766 est
824 1726 1020 1765 nomen
1066 1725 1242 1765 meum
1284 1711 1338 1764 in
1369 1711 1616 1779 gentibus
1650 1728 1664 1763 :
1692 1716 1744 1763 et
1776 1711 1828 1762 in
1857 1708 2004 1762 onmi

465 1807 584 1860 loco
634 1802 982 1865 sacriﬁcatur,
1029 1809 1081 1855 et
1135 1803 1354 1855 oll'ertur
1385 1800 1586 1854 nomini
1643 1815 1760 1854 meo
1801 1799 2004 1853 oblatio
2034 1825 2078 1878 Β

466 1895 697 1949 munda:
719 1894 842 1964 quia
866 1907 1116 1962 magnum
1134 1900 1217 1947 est
1239 1906 1428 1944 nomen
1448 1905 1621 1943 meum
1645 1890 1698 1942 in
1727 1889 1998 1958 gentibus,

474 1983 875 2040 dicitDominus
894 1983 1260 2051 omnipotens:
1286 1988 1339 2036 et
1354 1997 1448 2035 vos
1464 1981 1728 2050 pulluistis
1748 1980 1875 2032 illud
1888 1980 1954 2032 ⁸³.
1978 1999 1996 2030 ι

468 2077 623 2130 Sicut
647 2090 860 2136 manus,
904 2081 956 2127 et
1014 2076 1261 2135 dextera,
1292 2081 1345 2126 et
1398 2071 1676 2125 brachium
1727 2078 1780 2124 et
1828 2072 2004 2123 virtus

466 2165 560 2243 Dei
605 2166 842 2220 omnium
901 2163 1133 2218 Verbum
1182 2164 1300 2231 ejus
1353 2163 1407 2215 in
1455 2161 1651 2215 divinis
1694 2160 2004 2215 nominatur

466 2256 786 2325 Scripturis,
808 2255 883 2308 ita
944 2263 996 2309 et
1025 2270 1146 2308 eum
1197 2253 1443 2322 designat
1494 2267 1687 2306 nomen
1739 2251 1851 2304 Dei.
1889 2249 2001 2305 Hoc

464 2348 628 2417 igitur
656 2347 893 2402 divinum
939 2360 1130 2399 nomen
1166 2349 1320 2414 quasi
1357 2364 1375 2395 ι
1411 2344 1476 2397 ab
1522 2349 1640 2396 ortu
1676 2343 1805 2398 solis
1835 2356 2005 2411 usque

468 2439 534 2492 ad
560 2454 810 2494 occasum
842 2437 1248 2508 gloriﬁcaturin
1284 2435 1553 2505 gentibus,
1586 2452 1606 2484 ι
1641 2432 1810 2487 cuivis
1834 2432 2007 2485 mani-

465 2527 661 2584 festum
690 2543 784 2598 per
820 2526 1228 2597 praedicationes
1278 2541 1395 2594 qua
1436 2525 1489 2578 in
1547 2522 1747 2577 Christi
1792 2523 2007 2577 nomine

469 2617 669 2686 ubique
702 2615 855 2668 ﬁunt.
889 2613 1097 2681 Quippe
1120 2613 1174 2666 in
1206 2614 1351 2666 omni
1389 2613 1507 2665 loco
1558 2611 1795 2680 spiritale
1823 2610 2008 2663 incen-

468 2721 588 2760 sum
617 2713 670 2760 et
703 2704 952 2774 precibus
976 2718 1168 2774 purum
1222 2703 1669 2770 incruentumque
1718 2714 1781 2753 ac
1835 2700 2003 2752 ratio-

467 2797 589 2848 nale
629 2794 955 2849 sacrilicium
994 2807 1089 2863 per
1116 2808 1301 2847 verum
1357 2806 1732 2859 summumque
1787 2789 2003 2859 pontiﬁ-

468 2900 583 2939 cem
618 2883 726 2938 Beo
754 2882 1008 2938 oﬁ‘erunt.
1035 2881 1242 2947 Quibus
1276 2896 1405 2935 vero
1429 2881 1530 2934 hoc
1572 2881 1731 2934 modo
1779 2880 2007 2934 adoran-

469 2976 636 3039 tibus,
665 2974 962 3044 corporalia
987 2973 1185 3042 prioris
1220 2971 1402 3042 populi
1435 2970 1696 3025 sacriﬁcia
1726 2985 2006 3025 recessura

468 3067 598 3120 dicit
620 3065 780 3122 Deus.
815 3064 1155 3120 Manifestum
1200 3064 1365 3134 igitur
1410 3062 1676 3132 quomodo
1702 3068 1823 3131 post
1847 3060 2005 3115 Chri-

470 3159 538 3211 sti
563 3158 986 3212 incarnationem
1028 3156 1280 3225 utrinque
1335 3154 1492 3209 ﬁnem
1546 3153 1824 3223 prophetia
1853 3168 2007 3207 acce-
2031 3141 2075 3198 (ἶ

464 3248 639 3318 perit;
709 3247 907 3303 ctenim
967 3247 1161 3317 prioris
1204 3245 1382 3316 populi
1430 3244 1805 3313 reprobatione
1846 3242 2005 3297 simul

468 3336 717 3391 submota
771 3346 898 3392 sunt
931 3337 999 3391 ab
1020 3339 1099 3391 eis
1124 3336 1416 3391 secundum
1442 3334 1624 3389 Daniel
1664 3332 1926 3389 sacriﬁcia
1955 3341 2007 3386 et

469 3427 779 3492 libamenta,
831 3443 930 3483 nec
980 3443 1087 3482 non
1114 3435 1167 3482 et
1216 3427 1452 3497 gentium
1478 3425 1544 3479 ad
1578 3424 1817 3479 omnium
1839 3422 2005 3477 Deum

462 3519 749 3572 -conversio
779 3520 1065 3574 subsecuta
1087 3524 1188 3573 est.

1022 3713 1452 3785 capurjxxx.

1090 3805 1174 3859 Ex
1196 3805 1394 3859 eodem.

540 3932 567 3965 ί
609 3913 831 3968 Pactum
857 3929 1034 3970 meum
1075 3917 1177 3971 fuit
1211 3932 1333 3971 cum
1363 3931 1428 3972 eo
1470 3916 1592 3969 vitae
1637 3922 1690 3968 et
1727 3912 1875 3984 pacis
1908 3928 1921 3963 :
1955 3919 2007 3968 et

471 4005 623 4061 dedi.
640 4005 689 4060 ei
746 4005 1306 4077 timorem,et.timuit
1334 4024 1439 4071 me,
1491 4014 1544 4061 et
1594 4020 1625 4059 a
1666 4004 1804 4060 facie
1835 4003 2008 4058 nomi-

473 4098 562 4150 nis
599 4094 704 4150 mei
725 4097 969 4165 pavebat.
1006 4098 1113 4154 Lex
1146 4099 1390 4155 veritatis
1427 4095 1530 4150 fuit
1576 4096 1629 4149 in
1669 4109 1766 4149 ore
1795 4093 1934 4163 ejus,
1956 4101 2009 4149 et

471 4187 732 4257 iniquitas
779 4198 889 4242 non
938 4199 1022 4245 est
1066 4191 1282 4245 inventa
1330 4190 1384 4244 in
1417 4187 1574 4243 labiis
1597 4187 1757 4256 ejus:
1796 4186 1850 4240 in
1874 4200 2005 4255 pace

468 4288 528 4331 et
555 4280 607 4332 in
632 4280 881 4348 aequitate
915 4281 1208 4334 ambulavit
1237 4294 1468 4342 mecum,
1503 4285 1557 4332 et
1586 4278 1782 4333 multos
1817 4276 2008 4330 avertit

473 4363 542 4415 ab
575 4363 875 4434 iniquitate.
924 4366 1091 4421 Labia
1152 4367 1296 4421 enim
1355 4367 1652 4423 sacerdotis
1701 4364 2008 4419 custodient

1132 384 1392 443 EUSEBII
1431 380 1907 439 CESARIENSIS
1940 380 2087 431 ΟΡΡ.

2130 379 2304 435 PARS
2343 380 2433 436 lll.
2473 414 2543 423 —
2585 378 3051 436 EXEGETICA.
3720 364 3850 421 H56

2604 490 3048 549 ΚΕΦΑΛᾹΙΟΝ
3096 486 3242 540 KR’

2736 581 2859 636 Τοῦ
2890 577 3109 632 αὐτοῦ
3121 615 3139 628 ,

2181 715 2199 748 ι
2244 695 2305 765 (Γ,
2331 696 2422 766 54)
2462 696 2578 749 Καὶ
2610 692 2988 760 ἐξελεύσεται
3022 687 3313 757 Κύριος,
3364 681 3483 734 καὶ
3530 674 3853 744 παρατάξε-

2105 805 2193 842 ται
2224 789 2281 839 ὲν
2308 790 2421 849 τοῖς
2456 786 2672 838 ἔθνεσιν
2699 783 2978 843 ἐκείνοις,
3016 774 3251 838 καθὼς
3285 771 3514 843 ἡμέρα
3561 766 3813 838 πολέμου
3837 785 3848 795 -

2106 877 2198 929 καὶ
2247 876 2517 946 παρέσται
2566 873 2783 946 Κύριος
2818 873 2850 923 ὁ
2901 868 3060 930 Θεός
3126 882 3293 936 μου,
3356 860 3475 913 καὶ
3542 858 3763 919 πάντες
3810 861 3850 909 oi

2106 967 2247 1034 ἆγιοι
2297 967 2416 1035 μετ’
2469 964 2662 1019 αὐτοῦ.
2713 982 2733 1014 ι
2788 962 2916 1015 Kal
2971 958 3192 1012 ταῦτα
3249 949 3680 1013 ὑπονοοῦντες
3732 952 3850 1020 περὶ

2105 1057 2202 1125 τῆς
2238 1054 2498 1124 δευτέρας
2528 1053 2797 1110 λέγεσθαι
2835 1049 2942 1104 τοῦ
2980 1044 3288 1119 Χριστοῦ
3346 1042 3704 1113 παρουσίας
3738 1042 3851 1112 ὲσηο

2110 1163 2176 1217 με
2185 1144 2481 1215 ιωσάμεθα.

2612 1228 3064 1287 ΚΕΦΑΛΑῙΟΝ
3110 1225 3283 1280 KG'.

2680 1323 2803 1378 Τοῦ
2837 1318 3161 1391 ἀγγέλου
3175 1357 3189 1373 .

2186 1453 2204 1485 ι
2252 1434 2364 1487 Οὐκ
2416 1434 2530 1488 ἔστι
2581 1451 2684 1503 μου
2737 1432 2986 1501 θέλημα
3042 1431 3114 1482 ἐν
3179 1430 3375 1498 ὑμῖν,
3428 1426 3607 1493 λέγει
3655 1425 3851 1492 Κύριος

2107 1524 2519 1595 παντοκράτωρ,
2569 1525 2665 1577 καὶ
2718 1522 2936 1575 θυσίαν
2987 1521 3066 1573 οὐ
3136 1516 3597 1589 προσδέξομαι
3638 1517 3707 1569 ὲκ
3751 1514 3846 1568 τῶν

2107 1617 2306 1685 χειρῶν
2350 1615 2525 1686 ὑμῶν.
2577 1615 2727 1666 Διότι
2784 1612 2908 1666 ἀπὸ
2961 1609 3319 1663 ἀνατολῶν
3378 1608 3561 1679 ἡλίου
3617 1607 3718 1660 καὶ
3758 1609 3845 1667 ἕως

2105 1705 2325 1775 δυσμῶν
2362 1706 2422 1758 τὸ
2451 1706 2623 1776 ὄνομα
2656 1723 2763 1775 μου
2791 1703 3183 1770 δεδόξασται
3219 1703 3295 1755 ὲν
3349 1703 3489 1765 τοῖς
3524 1699 3737 1767 ἔθνεσι,
3765 1705 3841 1757 καὶ

2105 1799 2164 1849 ὲν
2212 1798 2376 1851 παντὶ
2421 1799 2571 1867 τόπῳ
2619 1797 2893 1867 θυμίαμα
2950 1796 3430 1867 προσφέρεται
3490 1793 3581 1863 τῷ
3636 1794 3841 1863 ὀνόματί

2109 1903 2232 1954 μου,
2268 1886 2363 1937 καὶ⁸
2390 1883 2550 1937 θυσία
2576 1883 2839 1955 καθαρὰσ
2878 1882 3055 1936 διότι
3102 1882 3289 1951 μέγα.
3327 1881 3405 1934 τὸ
3438 1880 3637 1952 δνομὰ
3676 1896 3772 1951 μου
3794 1881 3840 1931 ὲν

2104 1979 2218 2038 τοῖς
2260 1974 2457 2036 ἔθνεσι,
2500 1974 2651 2041 λέγει
2699 1973 2937 2044 Κύριος
3004 1974 3545 2043 παντοκράτωρ·
3601 1972 3757 2040 ὑμεῖς
3791 1970 3837 2022 ἃ

2108 2067 2397 2139 βεϐηλοῦτε
2444 2066 2597 2120 αὐτό.
2637 2086 2656 2118 ›
2704 2065 2991 2136 ’Ώσπρ-
3009 2065 3172 2137 χεὶρ
3210 2065 3330 2117 καὶ
3378 2062 3554 2129 δεξιὰ
3596 2064 3693 2117 καὶ
3721 2060 3835 2133 βρα-

2105 2159 2238 2227 χίων
2274 2159 2370 2211 καὶ
2398 2158 2625 2227 δύναμις
2655 2156 2756 2209 τοῦ
2788 2155 2954 2209 Θεοῦ
3008 2155 3149 2208 τῶν
3186 2154 3360 2208 ὅλων
3397 2157 3434 2207 ὁ
3476 2155 3664 2220 Λόγος
3692 2149 3833 2204 αὐτοὶ

2067 2257 2070 2260 ’
2107 2250 2166 2299 ὲν
2200 2250 2319 2310 ταῖς
2365 2247 2541 2309 θείαις
2581 2245 2932 2315 ὠνόμασται
2983 2245 3338 2315 Τραφαῖς,
3392 2242 3595 2307 οὕτως
3624 2243 3655 2295 ὁ
3696 2240 3832 2302 αὐτὸς

2108 2338 2202 2391 καὶ
2237 2339 2407 2408 ὄνομα
2451 2335 2785 2408 χρηματίζει
2829 2334 2945 2387 τοῦ
2986 2334 3191 2389 Θεοῦ.
3253 2335 3466 2390 Τοῦτο
3496 2331 3599 2388 οὖν
3627 2333 3689 2387 τὸ
3712 2333 3831 2385 θεῖον

2108 2429 2278 2498 ὄνομα
2310 2428 2385 2491 ὡς
2414 2446 2432 2477 ι
2468 2428 2563 2480 ἀπ’
2608 2423 2906 2480 ἀνατολῶν
2960 2426 3161 2497 ἡλίου
3207 2428 3330 2481 καὶ
3358 2427 3613 2498 δυσμῶν
3649 2423 3830 2491 δεδόξα-

2112 2537 2230 2573 σται
2272 2522 2329 2571 ὲν
2358 2522 2469 2581 τοῖς
2498 2518 2733 2581 ἔθνεσιν,
2769 2536 2788 2568 ι
2840 2517 3053 2569 παντί
3105 2535 3207 2588 τῳ
3263 2518 3579 2589 πρόδηλον
3610 2516 3714 2571 ἀπὸ
3739 2515 3825 2568 τῶν

2106 2610 2412 2679 πανταχόσε
2470 2609 2965 2680 χρηματιζόντων
3035 2609 3223 2663 κατὰ
3277 2610 3403 2681 τὴν
3462 2611 3571 2662 τοῦ
3619 2605 3822 2679 Χριστοῦ

2106 2700 2478 2771 προσηγορίαν
2497 2715 2511 2728 ·
2542 2701 2592 2752 οἳ
2622 2699 2720 2751 καὶ
2744 2699 2805 2751 ἐν
2838 2699 3054 2752 παντὶ
3090 2700 3288 2770 τόπῳ
3321 2700 3725 2771 πνευματικὸν
3749 2699 3822 2749 θυ-

2109 2794 2287 2862 μίαμα
2319 2792 2415 2844 καὶ
2458 2792 2559 2862 τὴν
2603 2791 2672 2845 δι’
2709 2790 2909 2861 εὐχῶν
2964 2792 3291 2864 καθαρὰν
3342 2793 3458 2847 καὶ
3511 2791 3820 2862 ἀναίμακτον

2106 2886 2199 2939 καὶ
2225 2882 2450 2952 λογικὴν
2476 2882 2674 2934 θυσίαν
2700 2881 2796 2936 διὰ
2823 2880 2940 2934 τοῦ
2976 2883 3138 2936 κατ’
3184 2883 3503 2955 ἀλήθειαν
3548 2882 3817 2954 ἀρχιερέως

2106 2975 2439 3047 προσάγουσι
2464 2971 2545 3041 τῷ
2572 2971 2723 3042 Θεῷο
2757 2971 3010 3027 τούτων
3050 2973 3126 3027 δὲ
3185 2974 3421 3028 τοῦτον
3473 2973 3819 3047 tum

2104 3067 2195 3119 τὸν
2226 3065 2447 3136 τρόπον,
2481 3064 2584 3126 τὰς
2619 3062 2993 3131 σωματικὰς
3046 3064 3173 3120 τοῦ
3226 3067 3547 3140 προτέρου
3593 3065 3711 3120 λαοῦ
3743 3065 3814 3117 θυι

2110 3156 2228 3218 σίας
2258 3152 2795 3223 ἀποστραφήσεσθαί
2834 3171 3049 3224 φησιν
3104 3157 3144 3208 ὁ
3179 3157 3389 3222 Θεός·
3429 3158 3539 3213 καὶ
3574 3157 3637 3228 δὴ
3675 3154 3815 3221 σαφὲς

2107 3241 2222 3304 πῶς
2255 3240 2394 3311 μετὰ
2417 3240 2517 3310 τὴν
2547 3238 2644 3292 τοῦ
2666 3240 2937 3310 Χριστοῦ
2976 3245 3370 3315 παρουσίαν
3398 3246 3537 3299 κατ’
3566 3245 3814 3315 ἀμφότερα

2106 3330 2278 3400 πέρας
2291 3327 2512 3397 εἴληφεν
2543 3330 2578 3398 ἡ
2603 3330 2975 3398 προφητεία·
3016 3336 3207 3389 κατὰ
3222 3352 3303 3388 τι
3323 3335 3449 3408 τὴν
3468 3336 3555 3406 (3)
3581 3332 3813 3407 προέβη

2105 3417 2233 3470 λαοῦ
2262 3417 2553 3489 ὰποὸολὴν,
2590 3418 2712 3487 ἅμα
2743 3434 2811 3470 τε
2856 3420 3195 3497 ἀρθείσης
3227 3425 3304 3492 ὲξ
3336 3427 3547 3483 αὐτῶν
3584 3426 3811 3483 tandem

2105 3506 2302 3577 Δανιὴλ
2330 3506 2524 3568 θυσίας
2551 3500 2663 3559 καῖ
2690 3508 2988 3579 σπονδῆς,
3029 3515 3161 3568 καὶ
3190 3518 3372 3572 κατὰ
3398 3518 3513 3590 τὴν
3546 3519 3656 3572 τῶν
3675 3515 3811 3571 th?"

2107 3598 2198 3651 ἐπὶ
2220 3597 2307 3648 τὸν
2334 3595 2446 3649 τῶν
2476 3595 2616 3649 ὅλων
2646 3596 2787 3649 Θεὸν
2822 3600 3283 3677 ἐπιστροφήν.

2635 3704 3109 3764 ΚΕΦΔΛΑῙΟΝ
3153 3714 3257 3769 A'.

2733 3798 2858 3852 Τοῦ
2884 3801 3156 3857 αὑτοῦ.

2180 3929 2197 3961 ι
2251 3909 2317 3962 Ἡ
2346 3906 2579 3979 διαθήκη
2614 3903 2685 3978 ἦν
2742 3911 2877 3980 μετ’
2928 3914 3151 3969 αὐτοῦ
3223 3918 3351 3989 τῆς
3403 3920 3569 3992 ζωῆς
3597 3920 3684 3972 καὶ
3731 3915 3814 3980 τῖες

2107 4002 2347 4073 εἰρήνης,
2396 4000 2492 4052 καὶ
2546 3998 2732 4053 ἔδωκα
2765 4001 2936 4073 αὐτῷ
2998 4007 3202 4079 φάεῳ
3242 4012 3571 4079 φοεεῖσοαί
3614 4028 3698 4082 με.
3734 4007 3813 4064 ναὶ

2108 4094 2214 4147 ἀπὸ
2244 4090 2536 4163 προσώπου
2567 4089 2851 4161 ὀνόματός
2908 4110 3032 4165 μου
3082 4100 3479 4157 στέλλεσθαι
3514 4102 3700 4156 αὐτόν.
3723 4097 3810 4151 Νό-

2110 4200 2207 4253 μος
2231 4181 2485 4252 ἀληθείας
2510 4177 2580 4251 ἦν
2610 4181 2672 4234 ὲν
2700 4181 2787 4252 τῷ
2815 4185 3091 4254 στόματι
3135 4192 3373 4261 αὐτοῦ,
3406 4196 3515 4250 καὶ
3537 4190 3809 4258 ἀδικίαοία

2108 4270 2300 4341 εὑρέθη
2331 4271 2388 4321 ὲν
2412 4267 2653 4338 χείλεσιν
2679 4269 2885 4323 αὐτοῦ·
2915 4274 2986 4326 ὲν
3018 4277 3270 4352 εἰρήνῃ
3309 4282 3687 4337 κατευθύνων
3708 4284 3810 4334 ἑπο-

2109 4359 2275 4431 ρεύθη
2318 4359 2433 4426 μετ’
2472 4356 2639 4427 ἐμοῦ.
2673 4360 2774 4413 καὶ
2819 4362 3097 4430 πολλοὺς
3135 4372 3543 4445 ἐπέστρεψεν
3572 4373 3683 4428 ἀπὺ
3715 4370 3807 4424 ἁδι-

474 4451 775 4517 scientiam,
808 4464 860 4510 et
881 4456 1049 4526 legem
1095 4457 1370 4525 requirent
1418 4471 1480 4510 ex
1540 4470 1634 4510 ore
1674 4455 1794 4524 ejus
1828 4469 1841 4504 :
1877 4454 2001 4523 quia

2180 4467 2248 4511 ις.
2278 4448 2397 4500 ’Ότι
2435 4447 2593 4519 χείλη
2622 4449 2831 4520 ἱερέως
2858 4454 3229 4522 φυλάξεται
3264 4465 3526 4531 γνῶσιν,
3550 4465 3647 4518 καὶ
3672 4464 3808 4531 νόμον

471 4544 692 4612 angelus
724 4545 933 4601 Domini
959 4546 1339 4615 omnipotentis
1383 4555 1465 4601 est
1483 4547 1548 4598 “.
1585 4564 1603 4596 ι
1638 4544 1762 4600 Haec
1789 4559 2003 4614 quoque

474 4646 595 4685 cum
620 4636 943 4691 testimoniis
972 4637 1039 4691 de
1063 4634 1279 4692 Christo
1304 4649 1540 4706 congrua
1570 4642 1881 4706 reputantes
1914 4652 2001 4690 re-

473 4723 712 4780 tulimus.
746 4726 968 4781 Pactum
1008 4725 1151 4782 enim
1188 4727 1309 4780 vitae
1335 4732 1393 4780 et
1420 4723 1570 4795 pacis
1609 4739 1733 4779 cum
1762 4740 1826 4780 eo
1849 4732 1998 4789 erat;

473 4806 837 4869 timorisvero
867 4816 1090 4886 spiritus
1124 4830 1246 4872 cum
1290 4814 1500 4869 cteteris
1555 4829 1716 4884 super
1760 4829 1883 4868 eum
1918 4828 2001 4867 re-

473 4903 696 4970 quievit,
716 4904 868 4973 juxta
904 4906 1020 4959 haec
1059 4903 1212 4961 Isaia;
1238 4905 1399 4971 verba
1427 4921 1440 4957 :
1474 4922 1493 4954 ι
1530 4902 1597 4958 Ει
1629 4904 1853 4975 replebit
1876 4916 1999 4958 eum

476 4994 696 5061 spiritus
731 4996 939 5052 timoris
966 4996 1180 5051 Domini
1198 4996 1265 5050 ⁸⁵.
1307 5016 1326 5048 ι
1362 4995 1620 5052 Veritatis
1653 5010 1867 5067 quoque
1896 4995 2001 5057 lex,

478 5097 581 5135 non
612 5093 786 5139 autem
816 5088 991 5156 typica
1016 5087 1072 5142 in
1111 5102 1206 5144 ore
1232 5087 1349 5157 ejus
1374 5096 1511 5153 erat,
1544 5094 1598 5143 et
1641 5102 1752 5142 non
1791 5086 2003 5140 inventa

475 5179 559 5223 est
581 5171 833 5241 iniquitas
874 5176 929 5228 in
971 5176 1128 5234 labiis
1191 5177 1330 5247 ejus.
1358 5176 1521 5232 Juxta
1567 5177 1709 5232 enim
1758 5174 2001 5231 eumdem

480 5256 687 5320 lsaiam,
737 5261 1074 5330 iniquitatem
1118 5280 1228 5320 non
1282 5264 1429 5330 fecit,
1474 5281 1575 5321 nec
1633 5267 1879 5321 inventus
1925 5270 2008 5317 est

482 5344 639 5400 dolus
662 5349 713 5401 in
744 5352 894 5406 labiis
938 5356 1074 5421 ejus.
1108 5356 1273 5422 Quasi
1308 5360 1641 5415 coexsistens
1687 5358 1861 5429 patria
1895 5357 2005 5407 vir-

480 5439 593 5487 ιιιῑθ
622 5454 641 5486 ι
680 5438 733 5490 in
765 5454 892 5507 pace
927 5451 979 5495 et
1021 5446 1074 5498 in
1107 5451 1355 5519 :equitate
1390 5469 1408 5502 ι
1440 5451 1732 5505 ambulavit
1770 5463 1889 5502 cum
1919 5460 2002 5507 eo,

2106 4537 2492 4626 ἐκζητήσουσιν
2519 4537 2587 4589 ὲκ
2608 4540 2902 4611 στόματος
2935 4548 3175 4613 αὑτοῦ,
3210 4555 3317 4609 ὅτι
3348 4557 3608 4626 ἄγγελος
3626 4554 3804 4625 Κυρίαι

2107 4625 2541 4696 παντοκράτορός
2570 4628 2752 4685 ἐστιν.
2790 4652 2811 4684 ι
2845 4635 2972 4689 Καὶ¹
3010 4641 3207 4696 ταῦθ’
3240 4647 3550 4718 ἁρμόζειν
3584 4646 3807 4713 amp-

2104 4722 2352 4784 ϐάνοντες
2372 4722 2496 4784 ταῖς
2523 4725 2660 4795 περὶ⁵
2690 4726 2955 4796 Χριστοῦ
2996 4738 3406 4807 μαρτυρίαις
3438 4735 3805 4809 ὲκτεθείμεθα³

2102 4814 2137 4881 ἦ
2164 4828 2223 4863 τε
2240 4809 2631 4901 χάρίδιαθήκη
2669 4817 2775 4885 τῆς
2804 4815 2970 4889 ζωῆς
3013 4824 3131 4877 καὶ
3168 4827 3292 4898 τῆς
3316 4831 3573 4901 εἰρήνης
3606 4825 3676 4897 ἦν
3705 4824 3805 4896 μετ’

2105 4897 2290 4962 αὑτοῦ,
2324 4900 2387 4952 τό
2431 4917 2494 4953 τε
2530 4901 2630 4955 τοῦ
2683 4905 2862 4972 φόόου
2901 4911 3171 4982 πνεῦμα
3216 4897 3393 4987 μετὰή
3430 4897 3535 4973 διαί
3566 4918 3676 4973 τῶν
3715 4916 3805 4969 λοι·

2107 4990 2223 5043 πῶν
2256 4991 2342 5042 ἐπ’
2375 4991 2545 5045 αὑτὸν
2580 4995 2955 5052 ἀνεπαύσατο
2993 5005 3165 5058 κατὰ
3194 5007 3294 5071 τὸ,
3333 5028 3356 5059 ι
3391 5011 3516 5064 Καὶ
3549 5007 3804 5079 ἐμπλήσει

2106 5079 2265 5134 αὐτὸν
2298 5080 2524 5153 πνεῦμα
2574 5086 2751 5152 φόϐου
2791 5088 2968 5152 Θεοῦ,
3015 5114 3036 5145 ι
3075 5095 3433 5169 λεγόμενον
3477 5104 3542 5154 ὲν
3590 5099 3800 5167 Ἡσαΐᾳ·

2106 5172 2263 5225 τοῦτο
2294 5172 2350 5225 δὲ
2380 5174 2479 5225 καὶ
2508 5175 2538 5228 ὁ
2566 5177 2673 5248 τῆς
2706 5179 2983 5251 ἀληθείας
3020 5186 3244 5256 νόμος,
3278 5192 3422 5261 οὐχὶ
3451 5193 3515 5245 δὲ
3536 5195 3569 5245 ὁ
3592 5187 3801 5245 τυπικδς

2102 5263 2159 5355 ἐν
2187 5262 2266 5355 τιξ)
2300 5263 2537 5355 στόματι
2569 5263 2666 5339 ἢν,
2703 5273 2805 5326 καὶ
2829 5272 3028 5328 ἀδικία
3064 5279 3186 5349 οὐχ
3227 5283 3461 5355 εὑρέθη
3493 5286 3557 5337 ἐν
3582 5282 3798 5355 χείλεσιν

2102 5350 2284 5403 αὐτοῦ·
2319 5354 2467 5406 κατὰ
2506 5355 2622 5426 γὰρ
2666 5358 2766 5411 τὸν
2806 5359 3057 5416 Ἡσαΐαν
3088 5350 3426 5439 ἁμαρ-ξων
3448 5350 3796 5435 ⁷(κ;,ε”ὲ.ιε,,ιιη.

2105 5457 2216 5503 σεν,
2242 5441 2365 5494 οὐδὲ
2392 5444 2602 5517 εὑρέθη
2625 5447 2784 5514 δόλος
2814 5453 2873 5502 ἐν
2904 5453 3172 5520 χείλεσιν
3212 5460 3433 5514 αὐτοῦ·
3468 5456 3563 5517 οἷα
3594 5462 3654 5516 δὲ
3687 5472 3794 5512 α’)-

549 5590 594 5621 ⁸²
625 5588 787 5643 Zach-
818 5607 923 5655 xw,
950 5593 981 5644 '5
1007 5635 1021 5657 .
1071 5600 1121 5653 δ.
1194 5604 1238 5634 ⁸³
1272 5604 1496 5661 Malach.
1540 5622 1589 5672 ι,
1640 5605 1823 5663 10-12.
1896 5604 1938 5634 ⁸⁵
1971 5599 2007 5653 Μ

2185 5614 2264 5666 .ιι,
2298 5599 2416 5656 5-7.
2496 5604 2544 5637 ⁸⁸
2577 5604 2692 5663 lsa.
2730 5625 2806 5674 ιι,
2851 5610 2904 5663 5.

551 5683 625 5754 (⁵))
666 5680 1002 5738 Desideratur
1037 5693 1146 5748 τοῦ.
1177 5696 1330 5752 Εοιτ.
