3952 6378
203 369 340 424 H57

1184 368 1471 425 Ειῖιοοιε
1511 368 1970 427 ΡΒΟΡΙΙΕἸῙΟΑΕ.
2007 402 2070 411 -
2114 371 2239 427 LIB.
2280 373 2370 428 III.

3226 378 3362 463 uss

202 485 275 539 ὼν
314 490 379 555 τῇ
434 490 666 559 πατρικῇ
713 487 931 557 δυνάμει
968 504 984 536 ι
1026 488 1080 539 ἐν
1120 488 1305 559 εἰρήνῃ
1350 489 1679 542 κατευθύνων
1718 509 1735 540 ι

1845 490 2022 543 multis
2049 505 2231 544 eorum
2256 491 2344 560 qui
2371 491 2520 559 prius
2564 490 2724 545 Deum
2763 491 3081 561 ignorabant
3116 490 3184 543 ad
3231 505 3362 544 con-

204 577 497 648 ἑπορεύετο
535 579 649 648 μετ’
678 577 858 640 αὑτοῦ,
891 576 1111 639 πολλοὺς
1147 577 1253 629 τῶν
1298 579 1455 631 πάλαι
1487 579 1576 631 τὸν
1615 579 1743 632 Θεὸν

207 666 279 735 μὴ
308 666 530 719 εἰδότων
567 669 645 731 εἰς
678 666 999 737 ἐπιστροφὴν
1025 666 1186 734 ἄγων·
1212 670 1339 738 παρ’
1363 668 1521 721 αὑτοῦ
1542 669 1618 731 δὲ,
1642 664 1741 722 ἅτε

205 757 507 825 ἀρχιερέως
531 757 675 819 δντος
698 757 788 808 καὶ
807 756 901 826 τὴν
936 757 1054 827 περὶ⁵
1085 757 1293 811 ⁸πάντων
1318 756 1377 821 (ι.
1403 758 1469 811 ’54
1495 760 1569 828 νο)
1604 758 1740 826 γνῶ-

207 862 288 896 σιν
325 845 790 913 διαφυλάττοντας,
831 847 919 900 τὸν
952 846 1089 899 θεῖον
1134 846 1289 917 νόμον
1333 846 1654 918 ὲξεζήτησάν
1685 866 1740 900 τε

203 936 294 988 καὶ
327 936 737 1008 έκ-ζητήσουσιν,
760 933 839 1000 οἷς
859 936 1035 1007 μέλλει
1065 938 1163 1005 τῆς
1194 938 1309 989 κατ’
1338 938 1494 991 αὑτὸν
1527 940 1743 1009 ἐπιστή-

205 1041 340 1095 μηςο
372 1029 539 1091 αὑτὸς
567 1030 672 1098 γάρ
712 1033 854 1082 ἐστιν
890 1046 908 1078 ι
946 1028 1089 1097 ὁτῆς
1125 1027 1357 1099 μεγάλης
1401 1028 1587 1098 βουλῆς
1617 1031 1745 1097 ’Δγ-

200 1113 375 1180 γελος,
417 1135 435 1166 ι
475 1116 728 1169 διακονῶν
770 1117 861 1169 καὶ
880 1114 1196 1183 διαγγέλλων
1241 1116 1397 1168 παντὶ
1442 1116 1646 1187 γενητῷ
1684 1116 1744 1170 τὸ

200 1200 294 1253 τοῦ
325 1204 541 1272 Πατρὸς
565 1203 820 1273 βούλημα.

713 1316 1093 1368 ΚΕΦΔΛΑΙΟΝ
1123 1312 1246 1368 AA'.

815 1424 921 1477 Τοῦ
954 1426 1152 1478 αὐτοῦ.

275 1549 295 1582 ι
351 1532 486 1586 Ἰδοὺ
515 1533 876 1598 ἐξαποστέλλω
900 1535 987 1587 τὸν
1012 1534 1231 1603 ἄγγελόν
1262 1550 1379 1605 μου,
1413 1536 1505 1588 καὶ
1535 1535 1743 1589 ὲπιὸλέ-
1814 1546 1821 1553 ’

198 1621 364 1687 ψεται
387 1623 508 1675 666v
532 1624 635 1693 πρὸ
660 1624 941 1693 προσώπου
974 1642 1093 1694 μου,
1121 1625 1212 1679 καὶ
1243 1616 1500 1694 ἐξαίφνης
1524 1626 1639 1695 ἥξει
1669 1628 1745 1688 εἰς

198 1715 292 1767 τὸν
321 1716 455 1768 ναὸν
487 1717 675 1769 ἑαυτοῦ
701 1718 914 1787 Κύριος,
944 1719 1001 1771 ὃν
1038 1720 1189 1788 ὑμεῖς
1223 1720 1447 1789 ζητεῖτε,
1486 1723 1576 1773 καὶ
1601 1723 1629 1773 6
1651 1722 1746 1789 ἄγ-

198 1807 355 1870 γελος
387 1807 493 1888 τῆς
518 1807 793 1878 διαθήκης,
821 1808 877 1860 ὃν
914 1810 1064 1878 ὑμεῖς
1097 1808 1304 1862 θέλετε·
1343 1811 1468 1874 ἰδοὺ,
1509 1810 1742 1882 ἔρχεται,

199 1893 346 1961 λέγει
374 1895 579 1965 Κύριος
602 1898 999 1968 παντοκράτωρ.
1025 1900 1132 1951 Καὶ
1160 1899 1241 1961 τίς
1267 1900 1519 1969 ὑπομενεῖ
1540 1900 1743 1971 ἡμέραν

202 1985 408 2037 εἰσόδου
436 1985 634 2050 αὑτοῦ;
667 1987 698 2056 ἢ
730 1988 811 2050 τίς
836 1988 1191 2060 ὑποστήσεται
1224 1991 1280 2043 ἐν
1303 1993 1367 2060 τῇ
1399 1991 1633 2063 ὀπτασίᾳ
1652 1994 1745 2045 αὑ-

200 2073 325 2139 τ.’ῦ;
353 2075 490 2127 διότι
523 2076 678 2138 αὐτὸς
716 2078 1079 2148 εἰσπορεύεται
1115 2079 1189 2143 ὡς
1220 2081 1329 2150 πῦρ
1367 2082 1741 2152 χωνευτηρίου,

203 2166 296 2217 καὶ
318 2165 396 2227 ὡς
419 2165 551 2218 ποιὰ
573 2166 883 2219 πλυνόντων·
906 2169 996 2220 καὶ
1015 2167 1272 2221 καθιεῖται
1297 2171 1641 2239 ἀναχωνεύων
1654 2173 1746 2224 καὶ

202 2254 514 2324 καθαρίζων
541 2254 613 2317 ὡς
640 2256 697 2308 τὸ
724 2257 975 2326 ἀργύριον
1002 2258 1093 2311 καὶ
1114 2258 1175 2333 τὸ
1200 2259 1433 2329 χρυσίον.
1467 2280 1484 2311 ι
1522 2261 1599 2313 Τὰ
1623 2262 1746 2332 περὶ

200 2343 297 2411 τῆς
314 2343 576 2414 δευτέρας
603 2345 694 2398 τοῦ
723 2346 949 2416 Χριστοῦ
990 2348 1281 2417 παρουσίας
1322 2350 1413 2402 καὶ
1440 2348 1526 2401 διὰ
1549 2349 1745 2402 τούτων

203 2433 626 2504 προφητεύεται,
655 2434 883 2504 ὁπηνίκα
923 2474 935 2487 .
981 2476 994 2490 .
1037 2475 1049 2488 .
1091 2454 1118 2499 ς
1142 2436 1232 2489 τοῦ
1255 2436 1385 2489 Θεοῦ
1421 2439 1512 2491 καί
1542 2440 1747 2510 Πατρδς

201 2522 307 2575 τῶν
338 2524 479 2576 ὅλων
520 2524 893 2588 ὲξαποσταλεὶς
929 2526 1086 2589 αὐτὸς
1114 2528 1142 2579 6
1171 2527 1399 2597 Χριστὸς
1427 2528 1518 2581 τοῦ
1563 2527 1692 2581 Θεοῦ
1720 2531 1747 2581 6

203 2611 340 2683 ν(ῦν)
364 2612 653 2682 λεγόμενος
686 2632 705 2663 ι
734 2614 830 2685 τῆς
866 2615 1123 2686 διαθήκης
1154 2615 1375 2683 ἄγγελος
1404 2617 1746 2686 ἐπιϐλέψεται

204 2704 319 2756 ὁδὸν
359 2704 468 2773 πρὸ
493 2701 779 2772 προσώπου
798 2703 888 2756 τοῦ
925 2706 1148 2776 Πατρδς,
1191 2726 1209 2757 ι
1235 2706 1374 2759 τοῦτ’
1400 2706 1512 2759 ἔστι
1553 2724 1745 2776 προευ-

202 2793 448 2863 τρεπίσει
483 2794 578 2846 καὶ
619 2794 1116 2863 προπαρασκευάσει
1166 2793 1263 2857 τὰς
1306 2794 1410 2847 τῶν
1454 2793 1746 2865 ἀνθρώπων

203 2881 381 2950 ψυχὰς
413 2885 481 2953 τῇ
516 2881 609 2933 τοῦ
650 2883 856 2953 Πατρὸς
884 2882 1151 2954 βασιλείαν
1179 2883 1265 2935 ὅτε
1298 2885 1361 2936 ὲκ
1388 2883 1613 2951 λογικῶν
1657 2883 1746 2937 καὶ

200 2971 464 3041 ἐμψύχων
501 2970 659 3022 λίθων
677 2970 765 3022 τὸν
786 2970 1139 3039 πνευματικὸν
1157 2971 1300 3031 ναὸν,
1322 2971 1463 3023 τοῦτ’
1491 2971 1603 3023 ἔστι
1654 2972 1747 3042 τήν

217 3062 561 3131 Ἐκκλησίαν,
613 3059 1053 3121 ἐπισκευάσαντος
1097 3060 1289 3123 αὑτοῦ,
1339 3059 1455 3127 ἥξει
1512 3061 1671 3123 αὑτὸς
1720 3064 1749 3115 6

1841 581 2135 634 versionem
2173 581 2436 650 impulsis.
2468 580 2620 649 Apud
2669 595 2811 644 eum,
2846 589 2901 634 ιιι
2949 596 3217 635 summum
3273 595 3359 634 sa-

1842 668 2129 733 cerdotem,
2157 677 2210 723 et
2242 669 2307 722 de
2347 667 2597 721 omnibus
2644 668 2922 721 scientiam
2946 667 3359 723 custodientem.

1841 757 2072 808 divinam
2103 757 2270 827 legem
2330 756 2721 825 requisiverunt
2772 766 2826 810 et
2866 758 3138 825 requirent
3186 757 3359 825 ipsius

1842 845 2079 899 scientiae
2119 847 2362 901 studiosi.
2417 845 2534 915 Ipse
2574 854 2657 899 est
2677 845 2820 900 enim
2871 862 2888 894 ‹
2922 846 3099 916 magni
3148 845 3359 900 consilii

1840 934 2071 1005 Angelus
2098 935 2164 997 “,
2195 955 2212 984 ι
2247 943 2299 990 et
2330 934 2503 990 Patris
2544 936 2869 990 voluntatem
2917 935 3060 989 omni
3105 942 3362 989 creaturas

1841 1027 2183 1081 annuntians.

2372 1317 2597 1373 CAPUT
2636 1317 2805 1372 XXXI

2433 1429 2513 1483 Ex
2549 1433 2742 1485 eodem.

1916 1562 1935 1594 ι
1975 1542 2113 1597 Ecce
2156 1557 2254 1611 ego
2287 1542 2442 1596 mitto
2486 1541 2730 1609 angelum
2785 1553 2983 1605 meum,
3013 1548 3066 1592 et
3098 1554 3366 1609 praepara-

1846 1635 1924 1690 bit
1950 1636 2088 1689 viam
2154 1641 2276 1687 ante
2330 1632 2516 1686 faciem
2547 1646 2738 1685 meam.
2778 1628 2843 1682 Et
2868 1630 3045 1684 statim
3098 1631 3271 1685 veniet
3301 1630 3367 1683 ad

1844 1742 1998 1780 suum
2027 1725 2282 1793 templum
2312 1722 2643 1785 Dominator,
2672 1735 2830 1789 quem
2870 1735 2966 1774 vos
3002 1719 3241 1788 quaeritis
3270 1735 3283 1769 :
3314 1726 3367 1773 et

1775 1846 1814 1899 Β
1844 1816 2061 1884 angelus
2110 1812 2433 1876 testamenti,
2489 1825 2647 1880 quem
2686 1824 2783 1863 vos
2808 1809 2989 1862 vultis.
3022 1807 3158 1861 Ecce
3200 1808 3363 1868 venit,

1842 1903 1968 1956 dicit
2004 1903 2253 1954 Dominus
2278 1900 2633 1967 omnipotens.
2669 1895 2734 1948 Et
2762 1895 2884 1964 quis
2913 1894 3106 1963 poterit
3134 1893 3367 1962 cogitare

1846 1992 1984 2046 diem
2016 1992 2279 2043 adventus
2331 1989 2468 2057 ejus,
2514 1995 2567 2041 et
2614 1986 2736 2054 quis
2776 1985 2937 2039 stabit
2984 1983 3049 2036 ad
3078 1982 3368 2036 videndum

1842 2079 2001 2134 eum?
2024 2077 2138 2147 Ipse
2170 2078 2308 2131 cnim
2351 2078 2503 2145 quasi
2535 2076 2672 2145 ignis
2698 2072 2956 2134 conﬂans,
2992 2078 3043 2124 et
3071 2070 3369 2124 emundans

1844 2175 2142 2239 argentum,
2167 2177 2218 2221 et
2245 2168 2514 2237 purgabit,
2552 2174 2607 2219 et
2648 2163 2844 2217 colabit
2868 2177 2961 2216 eos
2992 2160 3147 2230 quasi
3178 2175 3370 2213 aurum

1843 2267 1896 2313 et
1926 2259 2078 2327 quasi
2107 2264 2382 2326 argentum
2432 2256 2497 2308 ⁸⁷.
2531 2276 2549 2306 ι
2587 2253 2709 2307 Haec
2759 2252 2824 2307 de
2882 2251 3119 2306 secundo
3169 2250 3370 2304 Christi

1845 2352 2075 2405 adventu
2115 2349 2470 2419 prophetizat],
2523 2345 2757 2417 quando.
2802 2385 2864 2400 ..
2927 2344 3018 2398 Dei
3075 2350 3129 2398 et
3191 2341 3369 2394 Patris

1846 2440 2079 2493 omnium
2100 2440 2298 2492 missus
2327 2437 2440 2505 ipse
2462 2435 2726 2496 Christus,
2754 2433 2942 2502 dequo
2965 2447 3104 2485 nunc
3130 2431 3326 2484 dicitur
3349 2442 3365 2477 :

1851 2546 1868 2577 ι
1908 2527 2209 2581 testamenti
2261 2525 2495 2595 Angelus
2517 2523 2832 2593 praeparabit
2862 2522 2996 2574 viam
3022 2527 3143 2573 ante
3181 2518 3369 2572 faciem

1845 2614 2039 2678 Patris,
2078 2634 2097 2667 ι
2135 2615 2186 2669 id
2243 2622 2325 2669 est
2373 2613 2644 2666 hominum
2707 2611 2913 2664 animas
2966 2607 3141 2662 Patris
3203 2620 3368 2675 regno

1844 2705 2064 2760 idoneas
2117 2714 2273 2774 atque
2324 2712 2544 2774 paratas
2593 2702 2815 2765 elliciet;
2851 2714 2973 2752 cum
3017 2696 3369 2751 rationalibus

1847 2793 2320 2863 Spiritnalibusque
2386 2792 2653 2862 lapidibus
2724 2792 2999 2861 spirituale
3066 2790 3362 2859 templum,

1847 2883 2050 2937 scilicet
2070 2882 2384 2943 Ecclesiam.
2408 2883 2525 2950 ipso
2546 2889 2896 2950 praeparante,
2928 2882 3104 2935 veniet
3133 2880 3245 2949 ipse
3267 2878 3372 2932 Do-

1856 2974 2033 3029 minus
2084 2972 2328 3042 Deusque
2355 2972 2589 3027 Verbum
2613 2973 2771 3026 simul
2795 2987 2915 3026 cum
2940 2973 3055 3040 ipso
3073 2969 3373 3025 testamenti

1848 3064 2050 3133 Angelo
2105 3065 2162 3117 in
2210 3065 2464 3133 templum
2495 3062 2637 3131 quod
2692 3070 3042 3117 memoratum
3096 3067 3210 3125 est;
3251 3059 3374 3114 dein

206 3150 409 3219 Κύριος
433 3152 530 3203 καὶ
574 3148 702 3212 Θεὸς
733 3150 896 3216 Λόγος
929 3150 1041 3218 ἅμα
1077 3148 1221 3219 αὑτῷ
1258 3149 1333 3218 τῷ
1362 3149 1461 3218 τῆς
1495 3150 1753 3220 διαθήκης

1853 3167 1973 3206 cum
1996 3151 2288 3206 secundum
2311 3151 2427 3223 ejus
2447 3149 2727 3202 adventum
2748 3150 3128 3217 praenuntians,
3142 3145 3373 3200 Verbum

218 3239 462 3308 Ἀγγέλῳ
480 3240 560 3301 εἰς
583 3238 670 3290 τὸν
696 3237 1048 3308 δεδηλωμένον
1072 3240 1221 3291 ναόνσ
1252 3233 1387 3303 εἶτα,
1418 3233 1503 3291 οἷα
1531 3238 1625 3309 τὴν
1638 3239 1752 3291 δευ-

202 3330 372 3400 τέραν
413 3326 575 3379 αὑτοῦ
624 3327 914 3396 παρουσίαν
954 3327 1345 3397 προαγγέλλων,
1390 3331 1419 3381 6
1467 3328 1633 3396 Λόγος
1680 3328 1753 3391 ὡς

206 3420 344 3488 πρὸς
375 3418 504 3479 τοὺς
530 3417 873 3486 ἁμαρτωλούς
906 3433 1083 3485 φησιν,
1112 3435 1129 3467 ι
1178 3417 1302 3471 Ἰδοὺ
1324 3418 1531 3488 ἔρχεται
1556 3419 1753 3490 Κύριος

206 3506 633 3577 παντοκράτωρο
667 3507 759 3559 καὶ
799 3506 881 3568 τίς
912 3506 1164 3575 ὑπομενεῖ
1190 3504 1397 3576 ἡμέραν
1420 3506 1617 3558 εἰσόδου
1662 3507 1754 3559 αὑ-

206 3600 300 3653 τοῦ
325 3617 340 3664 ;
370 3599 404 3669 ἢ
440 3597 522 3661 τίς
550 3599 898 3668 ὑποστήσεται
935 3599 991 3649 ὲν
1016 3600 1080 3667 τῇ
1114 3597 1342 3668 ὀπτασίᾳ
1375 3598 1568 3662 αὑτοῦ;
1612 3618 1630 3651 ι
1664 3602 1754 3653 καὶ

206 3691 275 3743 τὰ
326 3689 489 3760 ἑξῆς⁹
530 3684 608 3750 οἷς
645 3687 908 3758 ἐπιμελῶς
964 3687 1283 3759 προσεκτέον
1315 3688 1402 3740 ὑπ’
1463 3688 1623 3741 αὑτοῦ
1662 3688 1753 3741 τοῦ

210 3778 646 3848 παντοκράτορος
684 3777 883 3848 Κυρίου
915 3776 987 3839 ὡς
1025 3777 1149 3846 περί
1192 3775 1373 3846 ἑτέρου
1420 3776 1749 3846 λεγομένοις·

208 3868 302 3918 καὶ
346 3865 607 3918 πευστέον
644 3882 699 3917 τε
742 3866 847 3918 τῶν
878 3866 940 3918 ὲκ
988 3865 1299 3936 περιτομῆς,
1336 3865 1390 3917 εἴ
1429 3883 1550 3919 τινα
1587 3865 1755 3935 ἔχοιεν

207 3957 390 4025 λέγειν
422 3955 513 4007 τὸν
561 3954 785 4008 ἐνταῦθα
822 3955 1137 4025 δηλούμενον
1180 3955 1377 4024 Κύριον
1416 3957 1507 4008 καὶ
1540 3956 1627 4008 τὸν
1661 3958 1754 4009 σὺν

209 4046 364 4114 αὐτῷ
397 4045 653 4111 Ἄγγελον
680 4046 775 4113 τῆς
810 4046 1085 4115 διαθήκης,
1124 4045 1248 4114 περὶ
1266 4039 1327 4097 οὗ
1348 4046 1544 4115 Κύριος
1571 4047 1599 4097 ό
1624 4061 1755 4098 παν-

211 4134 501 4204 τοκράτωρ
520 4135 709 4201 φάσκει
741 4137 819 4199 τὸ,
852 4154 870 4186 ι
913 4135 1041 4188 Ἰδοὺ
1065 4133 1297 4206 ἔρχεται,
1323 4154 1341 4185 ι
1367 4134 1459 4187 καὶ
1481 4134 1550 4187 τὰ
1574 4134 1752 4187 λοιπάο

210 4226 280 4278 δι’
306 4218 385 4278 ὧν
419 4222 538 4276 καθ’
573 4226 712 4293 ἡμᾶς
743 4228 776 4294 ή
817 4225 1037 4296 δευτέρα
1076 4225 1170 4278 τοῦ
1199 4224 1429 4295 Χριστοῦ
1462 4224 1754 4293 καταγγέλ-

205 4316 369 4367 λεται
412 4312 701 4380 παρουσίαο
734 4314 791 4376 ὃς
823 4315 985 4381 Λόγος
1031 4314 1162 4368 Θεοῦ
1206 4314 1477 4384 τυγχάνων
1516 4330 1752 4384 παραγε-

208 4405 444 4473 νόμενος
488 4401 881 4471 εἰσπορεύσεται
921 4406 998 4466 εἰς
1027 4404 1122 4474 τὴν
1148 4404 1371 4456 ἑκάστου
1397 4404 1590 4473 ψυχὴν,
1638 4403 1754 4472 κρί-

216 4509 324 4544 νων
352 4490 586 4543 έκαστον
624 4489 750 4559 περὶ
778 4489 885 4541 τῶν
925 4491 1066 4560 αὑτῷ
1100 4492 1235 4545 κατὰ
1263 4493 1350 4545 τὸν
1378 4492 1488 4561 βίον
1546 4508 1754 4562 πεπρα-

1850 3240 2005 3308 quasi
2049 3239 2115 3292 ad
2163 3246 2470 3307 peccatores
2504 3236 2671 3290 dicit:
2708 3253 2727 3285 ι
2760 3235 2897 3289 Ecce
2938 3236 3082 3289 venit
3117 3234 3373 3287 Dominus

1851 3330 2186 3397 omnipotens
2217 3343 2228 3377 :
2259 3334 2312 3381 et
2341 3326 2461 3395 quis
2498 3325 2693 3394 poterit
2723 3324 2958 3393 cogitare
2988 3324 3128 3376 diem
3172 3323 3373 3375 adven-

1852 3429 1937 3472 tus
1983 3418 2120 3488 ejus,
2150 3424 2203 3472 et
2257 3418 2377 3485 quis
2429 3416 2593 3471 stabit
2634 3416 2698 3468 ad
2742 3413 3029 3467 videndum
3069 3412 3231 3466 eum?
3258 3430 3277 3460 ι
3309 3408 3377 3462 Et

1852 3507 2055 3575 reliqua
2081 3521 2200 3575 qua:
2230 3506 2509 3577 diligenter
2567 3504 2907 3566 attendenda,
2936 3509 2993 3555 ut
3043 3502 3109 3554 ab
3132 3501 3372 3566 omnipo-

1851 3599 2012 3652 tentis
2043 3596 2159 3663 Dei,
2193 3598 2343 3666 quasi
2372 3596 2624 3657 alterius,
2673 3610 2766 3648 ore
2824 3594 3052 3667 prolata;
3104 3597 3158 3644 et
3208 3591 3275 3642 ab
3306 3588 3374 3643 iis

1852 3688 1941 3757 qui
1972 3703 2036 3742 ex
2067 3687 2476 3741 circumcisione
2512 3694 2636 3741 sunt
2678 3683 3059 3740 sciscitantium
3090 3695 3157 3733 an
3197 3677 3375 3733 Domi-

1852 3795 1981 3833 num
2018 3778 2282 3849 quemvis,
2316 3779 2403 3833 cui
2455 3780 2571 3832 haec
2600 3777 2742 3831 dicta
2791 3772 3134 3835 conveniant,
3160 3775 3215 3824 et
3251 3781 3375 3823 cum

1851 3869 2189 3938 ecAngelum
2240 3867 2529 3922 testimonii
2567 3867 2820 3920 inducere
2878 3861 3105 3932 possint,
3162 3858 3229 3913 de
3269 3871 3377 3928 quo

1852 3957 2193 4026 omnipotens
2238 3956 2375 4012 Deus
2423 3957 2537 4010 haec
2569 3956 2751 4009 dicat:
2785 3971 2803 4002 ι
2839 3949 2976 4005 Ecce
3013 3948 3181 4011 venit,
3211 3964 3231 3998 ι
3269 3951 3373 3999 etc.

1855 4047 1948 4101 His
1974 4048 2155 4116 igitur,
2188 4053 2245 4099 ut
2273 4047 2428 4101 nobis
2454 4045 2682 4109 videtur,
2713 4039 2980 4098 secundus
3024 4033 3377 4094 annuntiatur

1847 4136 2054 4191 Christi
2102 4136 2382 4190 adventus.
2426 4133 2560 4199 Qui,
2606 4147 2728 4186 cum
2796 4128 3027 4183 Verbum
3073 4125 3167 4179 Dei
3210 4129 3374 4200 esset,

1850 4226 2231 4294 superveniens
2278 4225 2333 4278 in
2402 4223 2663 4293 cujusque
2727 4220 2961 4274 animam
3021 4213 3374 4285 ingredietur,

1851 4331 2117 4386 quemque
2145 4315 2448 4384 dijudicans
2476 4328 2539 4369 ex
2583 4328 2700 4381 ejus
2733 4312 2851 4364 vita:
2878 4306 3153 4378 operibus.
3183 4316 3373 4372 expur-

1852 4420 1989 4476 gans
2041 4416 2095 4461 et
2144 4405 2302 4475 quasi
2365 4418 2553 4459 aurum
2617 4403 2738 4472 igne
2792 4399 3013 4461 colans,
3066 4401 3379 4461 mentesque

1855 4495 2097 4549 omnium
2125 4491 2444 4549 emnndans.
2479 4490 2648 4546 Omne
2702 4489 2865 4560 igitur
2912 4483 3176 4555 judicium
3218 4478 3376 4532 Pater

218 4583 460 4652 γμένων,
481 4578 751 4633 ὲκπλύνων
776 4595 834 4630 τε
858 4580 950 4631 καὶ
972 4579 1056 4632 διὰ
1083 4582 1242 4650 πυρὸς
1273 4581 1467 4651 χρυσοῦ
1489 4582 1639 4652 δίκην
1653 4599 1753 4650 χω-

1855 4585 2000 4638 dedit
2059 4583 2196 4637 Filio
2251 4598 2349 4639 suo
2378 4584 2529 4653 juxta
2575 4582 2721 4635 hunc
2776 4581 2830 4633 in
2886 4575 3115 4630 Psalmis
3160 4572 3377 4624 locum:

217 4674 412 4737 νεύων,
448 4672 544 4725 καὶ
570 4669 871 4740 καθαρίζων
904 4671 973 4724 τά
998 4672 1205 4724 πάντων
1230 4674 1539 4742 ἡγεμονικά.
1573 4674 1753 4726 Πᾶσαν

1860 4691 1879 4722 ι
1914 4671 2077 4732 Deus,
2101 4671 2362 4739 judicium
2388 4682 2536 4726 tuum
2572 4670 2683 4740 regi
2726 4670 2813 4729 da,
2837 4674 2890 4720 et
2914 4663 3180 4734 justitiam
3224 4667 3369 4711 tuam

220 4760 350 4830 γοῦν
405 4762 507 4831 τὴν
550 4761 721 4829 κρίσιν
747 4763 775 4814 6
801 4762 984 4832 Πατὴρ
1011 4762 1235 4815 δέδωκεν
1258 4761 1334 4831 τῷ
1363 4764 1473 4832 Υἰῴ
1503 4762 1641 4816 κατά
1667 4763 1753 4815 τὸν

1860 4759 1969 4813 ﬁlio
1998 4760 2139 4830 regis
2174 4780 2187 4813 :
2210 4761 2456 4828 judicare
2499 4759 2752 4828 populum
2800 4766 2948 4809 tuum
2981 4753 3035 4804 in
3061 4748 3289 4819 justitia,
3325 4753 3379 4799 et

220 4855 498 4921 φάσκοντα
523 4851 615 4904 καὶ
632 4853 689 4903 ὲν
716 4851 954 4922 Ψαλμοῖς
982 4852 1153 4919 λόγον,
1189 4870 1207 4900 ι
1244 4852 1301 4902 ’0
1325 4851 1473 4914 Θεὸς,
1502 4852 1561 4904 τὸ
1586 4850 1753 4922 κρῖμά

1856 4863 2116 4919 pauperes
2172 4856 2294 4903 tuos
2342 4850 2397 4901 in
2445 4847 2650 4915 judicio
2694 4846 2738 4878 ⁸³
2790 4864 2808 4895 ι
2844 4843 2972 4897 Inde
3016 4839 3125 4893 Rea:
3165 4834 3377 4906 quidem

225 4959 317 4995 σου
344 4942 424 5012 τῷ
453 4940 656 5009 βασιλεῖ
683 4940 787 5005 δὸς,
826 4941 918 4994 καὶ
956 4940 1050 5011 τὴν
1075 4938 1408 5010 δικαιοσύνην
1443 4956 1535 4992 σου
1558 4941 1632 5010 τῷ
1656 4940 1753 5009 υἱῷ

1856 4938 2106 4992 divinitas
2143 4944 2197 4991 et
2243 4936 2357 5007 ipse
2403 4935 2544 4990 Deus
2581 4933 2813 4989 Verbum
2847 4932 3142 5002 appellatur
3174 4945 3186 4980 :
3219 4937 3376 4995 quem

225 5031 313 5083 τοῦ
361 5030 619 5099 βασιλέως
637 5049 649 5060 ·
685 5030 884 5100 κρίνειν
922 5031 1009 5084 τὸν
1046 5029 1170 5082 λαόν
1218 5045 1307 5080 σου
1348 5029 1406 5079 ὲν
1431 5028 1751 5099 δικαιοσύνῃ,

1858 5038 2032 5081 autem
2065 5026 2301 5095 suscepit
2330 5025 2620 5091 hominem,
2646 5042 2663 5073 ι
2697 5024 2836 5079 titius
2867 5024 3027 5091 regis.

227 5121 319 5172 καὶ
340 5122 468 5183 τοὺς
495 5120 737 5187 πτωχούς
759 5136 851 5173 σου
874 5132 931 5173 εν
959 5122 1132 5191 κρίσει
1154 5138 1166 5150 ·
1204 5140 1222 5171 ι
1249 5120 1375 5174 ενθα
1390 5119 1684 5184 βασιλεὺς
1705 5121 1800 5189 μὲν
1834 5122 1866 5191 ή
1899 5119 2081 5187 θεότης
2119 5118 2210 5171 καὶ
2232 5116 2390 5179 αὐτὸς
2413 5119 2442 5169 6
2470 5116 2599 5179 Θεδς
2633 5117 2800 5183 Λόγος
2829 5114 3205 5183 ἀνηγόρευται·
3240 5106 3297 5159 ὃν
3322 5103 3377 5156 δὲ

227 5213 508 5282 ἀνείληφεν
539 5210 833 5281 ἄνθρωπον,
868 5231 887 5262 ι
926 5212 1035 5273 υἱὸς
1070 5211 1162 5262 τοῦ
1193 5210 1466 5279 βασιλέως.
1508 5228 1525 5259 ι

726 5323 1107 5379 ΚΕΦΑΛΑΙΟΝ
1139 5323 1257 5375 AB’.

694 5414 800 5467 Τοῦ
830 5412 1010 5466 αὑτοῦ
1044 5408 1291 5478 ἀγγέλου

306 5530 325 5560 σ
352 5512 459 5562 Καὶ
486 5505 728 5560 ἀνατελεί
745 5507 852 5566 τοῖς
873 5502 1031 5572 φοϐου
1041 5502 1211 5570 μένοις
1237 5502 1294 5554 τὸ
1310 5502 1475 5570 ὄνομά
1498 5516 1593 5567 μου
1614 5499 1758 5562 ἕἰλλιος

2407 5314 2631 5371 CAPUT
2669 5306 2872 5365 XXXII.

2302 5406 2384 5459 Ea:
2410 5405 2585 5459 eodem
2617 5401 2665 5453 Μ
2674 5398 2900 5452 αἰοεΙιία.

1936 5520 1952 5551 ι
1998 5500 2060 5553 Et
2084 5500 2282 5553 orietur
2317 5495 2466 5552 vobis
2502 5489 2807 5562 timentibus
2854 5501 3050 5541 nomen
3095 5497 3269 5541 meum
3296 5490 3378 5541 so!

332 5660 377 5692 ³⁸
407 5659 507 5715 lsa.
546 5672 619 5719 Ix,
652 5655 703 5709 6.
780 5655 822 5686 "
861 5652 1079 5707 Malach.
1114 5667 1193 5715 ιιι,
1230 5652 1336 5705 1-5.
1412 5653 1454 5685 ⁸⁸
1486 5651 1627 5708 Psal.
1659 5666 1796 5719 ιλιι,
1838 5652 1889 5705 2.
