3952 6380
184 409 209 461 l
232 411 331 463 161
736 408 740 413 ’
1215 407 1501 465 ΕΟΙΩΟΕ
1537 400 2008 463 ΡΒΟΡΗΕΤΙΟᾹΞ.
2036 435 2102 445 -
2133 402 2260 459 LIB.
2294 404 2337 459 ῐ.
3237 409 3372 464 HG!

176 528 355 599 τέρας
407 529 752 600 Συναγωγῆς,
789 529 822 598 ή
871 528 962 581 καὶ
997 528 1148 596 μερίς
1187 542 1313 578 ποτε
1356 526 1445 577 καὶ
1479 524 1538 593 (f.
1568 524 1637 577 35
1669 526 1738 593 ιθ)

1844 520 2143 592 Synagoga,
2169 540 2289 593 qua:
2324 540 2559 595 unquam
2585 541 2710 596 pars
2739 536 2792 583 et
2842 529 3113 585 funiculus
3141 530 3371 586 heredi-

179 618 487 689 σχοίνισμα
530 619 883 688 κληρονομίας
922 616 1079 669 αὑτοῦ
1109 617 1344 684 γέγονεν,
1377 615 1455 676 τὸ,
1495 633 1512 663 ι
1536 614 1738 682 Ἀφῆκα

1850 614 1977 668 tatis
2003 614 2119 681 ejus
2142 613 2278 669 facta
2304 622 2407 677 est,
2438 632 2456 665 ι
2499 614 2680 671 Dimisi
2714 617 3072 674 hereditatem
3103 635 3299 687 meam,
3349 640 3368 673 ι

176 704 281 774 τὴν
317 707 689 777 κληρονομίαν
721 725 838 775 μου.
874 726 891 757 ι
924 704 1061 758 κατὰ
1086 705 1162 767 τὸ,
1198 723 1215 753 ι
1246 705 1476 765 Ποσάκις
1509 702 1738 772 ἠθέλησα

1845 702 1995 771 juxta
2026 704 2151 757 illud
2185 722 2197 757 :
2236 722 2255 755 ι
2292 704 2511 770 Quoties
2547 707 2689 760 volui
2713 721 3035 778 congregare
3063 710 3200 765 filios
3226 717 3371 773 tuos.

179 796 620 865 ἐπισυναγαγεῖν
639 797 703 849 τὰ
733 797 894 848 τέκνα
926 812 1035 857 σου,
1064 794 1122 845 δν
1147 794 1342 863 τρόπον
1373 792 1517 863 ὅρνις
1540 794 1738 843 ἐπισυν-

1846 796 2291 863 quemadmodum
2347 798 2460 851 avis
2504 796 2687 850 nidum
2728 812 2882 851 suum
2927 799 3028 853 sub
3073 801 3283 868 pennis,
3320 809 3374 855 et

179 882 307 949 ἁγει
358 885 434 936 τὰ
478 885 660 936 νοσσία
698 885 860 953 αὐτῆς
909 883 1010 935 ὑπὸ
1057 882 1154 943 τὰς
1202 882 1489 951 πτέρυγας,
1528 880 1619 932 καὶ
1647 880 1738 932 οὐκ

1848 884 2105 938 noluisti!
2140 886 2277 938 Ecce
2303 886 2633 953 relinquetur
2664 886 2814 941 vobis
2840 886 3031 942 demus
3071 898 3249 944 vestra
3279 889 3373 946 de-

175 971 499 1043 ἠθελήσατε
518 992 531 1004 ·
568 974 693 1025 Ἰδοὺ
714 974 923 1040 ἀφίεται
948 973 1070 1040 ὑμῖν
1092 972 1120 1022 ὁ
1139 967 1282 1033 οἶκος
1309 970 1456 1040 ὑμῶν
1478 970 1693 1041 ἕρημος.
1720 986 1738 1019 ι

1849 973 2068 1026 serta".
2106 993 2123 1024 ι
2162 972 2279 1042 ipse
2302 981 2476 1028 autem
2505 975 2638 1028 dixit
2670 993 2684 1029 :
2716 994 2735 1026 ι
2767 976 2931 1030 Nemo
2956 979 3094 1032 tollit
3138 982 3369 1035 animam

175 1060 358 1123 Αὐτὸς
388 1063 437 1113 δ’
469 1063 496 1113 ὁ
544 1062 707 1114 είπὼν
747 1080 765 1111 ι
801 1062 984 1121 Οὐδεὶς
1018 1060 1155 1129 αἴρει
1180 1060 1275 1127 τὴν
1320 1059 1493 1128 ψυχήν
1529 1075 1626 1128 μου
1651 1057 1738 1111 ἀπ’

1852 1076 2053 1125 meam;
2086 1069 2400 1130 potestatem
2450 1063 2619 1117 habeo
2663 1079 2860 1133 ponere
2906 1066 3123 1133 eam";
3158 1088 3177 1120 ι
3212 1078 3373 1140 atque

174 1150 340 1220 ἐμοῦ·
390 1151 640 1217 ἐξουσίαν
687 1150 793 1219 ἔχω
835 1150 999 1202 θεῖναι
1049 1151 1232 1219 αὐτὴν,
1276 1169 1293 1200 ι
1334 1150 1493 1218 φησιν
1524 1150 1612 1201 καὶ
1662 1150 1738 1213 τὸ,

1848 1149 2018 1202 illud:
2063 1169 2081 1201 ι
2122 1150 2247 1204 Dedi
2286 1152 2530 1206 dilectam
2561 1154 2790 1207 animam
2821 1170 2991 1209 meam
3038 1156 3091 1209 in
3128 1159 3372 1214 manibus

178 1257 200 1291 ι
215 1240 448 1294 Ἐδωκα
465 1242 558 1312 τὴν
575 1245 754 1311 ἡγαπη
765 1241 923 1311 μένην
937 1242 1109 1310 ψυχήν
1126 1258 1223 1310 μου
1246 1242 1321 1302 είς
1337 1243 1519 1310 χεῖρας
1541 1239 1738 1310 ἐχθρῶν

1851 1239 2184 1301 inimicorum
2207 1242 2345 1306 ejus.
2370 1260 2388 1293 ι
2424 1242 2558 1296 Huic
2581 1260 2707 1297 vero
2733 1244 2869 1299 facta
2897 1254 2979 1299 est
2992 1248 3135 1315 prior
3148 1247 3372 1304 haeredi—

175 1332 378 1401 αὐτῆς.
421 1351 441 1383 ›
474 1331 655 1401 Τούτῳ
683 1332 738 1383 δὲ
777 1331 867 1383 καὶ
908 1330 1131 1400 ἐγενήθη
1163 1332 1195 1398 ἡ
1229 1331 1461 1399 προτέρα
1491 1328 1738 1399 κληρονο-

1850 1338 1933 1383 tas
1960 1330 2112 1398 quasi
2141 1331 2223 1384 leo
2252 1332 2302 1384 in
2327 1333 2480 1387 silva.
2509 1332 2657 1387 Dedit
2679 1344 2863 1388 contra
2882 1351 3003 1389 eum
3023 1353 3204 1392 vocem
3232 1338 3370 1407 ejus.

177 1423 281 1491 μία
309 1423 392 1483 ὡς
420 1423 559 1475 λέων
584 1425 639 1476 ἐν
666 1421 851 1492 δρυμῷ
871 1437 885 1450 °
915 1420 1108 1472 ἔδωκέν
1137 1435 1193 1470 τε
1216 1419 1297 1471 ἐπ’
1328 1418 1487 1470 αὐτὸν
1517 1419 1613 1486 τὴν
1638 1434 1746 1484 φω-

172 1512 277 1581 νὴν
323 1513 526 1582 αὐτῆς,
575 1513 803 1581 ὁπηνίκα
859 1511 1181 1579 παραδόντες
1221 1509 1380 1561 αὐτὸν
1419 1506 1494 1577 τῷ
1536 1508 1744 1577 Πιλάτῳ

174 1599 521 1669 ἐστήκεισαν
541 1599 958 1669 κατηγοροῦντες
982 1598 1141 1651 αὑτοῦ
1170 1598 1262 1650 καὶ
1286 1597 1555 1666 μονονουχὶ
1584 1595 1745 1664 βοῶν-

171 1701 294 1749 τες,
339 1706 360 1737 ι
396 1685 551 1755 Αἶρε,
574 1685 710 1758 αἶρε,
749 1686 973 1757 σταύρου
1004 1686 1161 1738 αὐτόν
1180 1702 1193 1718 ο
1230 1705 1249 1737 ι
1281 1684 1367 1737 διὰ
1389 1685 1543 1736 τοῦτο
1568 1684 1624 1736 δέ
1647 1700 1738 1753 φη-

1847 1701 2007 1756 opera
2036 1688 2157 1742 odio
2186 1690 2367 1759 digna,
2402 1702 2454 1746 et
2478 1696 2619 1760 quod
2653 1696 2786 1747 nihil
2819 1696 2871 1748 in
2909 1712 3031 1750 eum
3075 1712 3257 1755 amore
3290 1701 3372 1755 di-

174 1790 286 1837 σιν,
350 1793 369 1824 ι
396 1774 668 1844 Ἐμίσησα
698 1773 883 1843 αὐτὴν.
925 1791 943 1823 ι
979 1772 1064 1824 διὰ
1106 1772 1172 1824 τὰ
1215 1772 1399 1840 μίσους
1425 1771 1546 1836 ἄξια
1570 1769 1738 1837 αὐτῆς

1849 1791 2009 1844 gnum
2058 1779 2419 1834 ostenderant.
2463 1785 2592 1847 Quae
2625 1799 2748 1838 vero
2796 1793 3113 1853 sequuntur,
3157 1794 3210 1842 et
3257 1788 3371 1846 haec

174 1862 342 1931 ἔργα.
381 1863 485 1914 καὶ
515 1862 598 1914 διὰ
636 1863 694 1914 τὸ
728 1861 888 1931 μηδὲν
915 1862 991 1922 είς
1030 1862 1187 1913 αὑτὸν
1212 1860 1426 1929 ἀγάπης
1456 1858 1600 1922 ἄξιον
1632 1861 1738 1911 ἐπι·

1850 1867 2143 1933 praesertim
2176 1887 2188 1922 :
2227 1887 2244 1917 ι
2285 1869 2508 1939 Propter
2547 1888 2631 1927 me
2667 1852 2995 1929 desolatione
3022 1876 3258 1931 desolata
3287 1887 3372 1936 est

173 1947 503 2013 δείξασϐαι·
529 1949 589 2000 τὸ
612 1949 654 2000 δ’
683 1947 823 2017 ἑξῆς,
849 1948 937 2000 καὶ
969 1947 1195 2016 μάλιστα
1218 1947 1299 2010 τὸ,
1328 1965 1347 1997 ι
1376 1947 1451 1998 Δι’
1481 1946 1579 2014 ἐμὲ
1602 1947 1738 2013 ἀφα-

1841 1964 2005 2018 terra,
2040 1975 2060 2007 ι
2093 1961 2378 2015 ostendere
2400 1962 2649 2016 videntur
2674 1964 2878 2034 antiqui
2910 1967 3090 2034 populi
3116 1981 3371 2022 consum-

175 2036 364 2105 νισμῷ
406 2037 679 2107 ἠφανίσθη
713 2039 857 2089 πᾶσα
888 2036 1032 2106 ήγῆ,
1072 2055 1091 2087 ι
1122 2035 1291 2087 ἐοικεν
1314 2035 1502 2105 δηλοῦν
1528 2035 1625 2104 τήν
1658 2035 1738 2088 διὰ

1841 2054 2036 2099 matam
2091 2057 2213 2116 post
2255 2048 2551 2106 Salvatoris
2598 2054 2929 2121 passionem,
2956 2055 3166 2109 ruinam
3210 2062 3371 2126 atque

176 2127 268 2178 τὸν
309 2127 547 2196 Σωτῆρα
576 2126 709 2195 μετὰ
736 2126 794 2178 τὸ
823 2126 986 2189 πάθος
1016 2125 1174 2178 αὑτοῦ
1219 2126 1423 2179 τελείαν
1455 2125 1738 2195 γενομένην

1840 2136 2643 2210 captivitatem,Jerusalemque
2674 2141 2728 2195 in
2777 2151 3088 2214 perpetuum
3126 2125 3372 2203 solitudi-

1840 2240 1980 2280 nem.

1847 1431 1969 1469 cum
2018 1419 2290 1473 tradentes
2318 1435 2438 1473 eum
2464 1419 2636 1475 Pilato
2667 1422 3023 1488 adduxerunt,
3056 1435 3372 1483 accusantes

1848 1507 2307 1578 vociferantesque
2336 1513 2701 1567 tantummodo
2737 1533 2749 1568 :
2783 1534 2801 1565 ι
2831 1513 3002 1578 Tolle,
3025 1518 3171 1583 tolle,
3197 1519 3375 1573 cruei~

1849 1600 1947 1667 fige
1973 1614 2093 1652 eum
2112 1600 2189 1665 ";
2222 1620 2240 1651 ι
2266 1612 2591 1671 quapropter
2612 1605 2718 1659 ait:
2744 1626 2761 1655 ι
2786 1604 2938 1660 Odivi
2958 1623 3096 1673 eam,
3127 1630 3147 1662 ι
3172 1612 3240 1666 ob
3254 1612 3372 1680 ejus

178 2214 389 2267 ἅλωσιν
420 2215 521 2266 καὶ
550 2214 916 2283 αἰχμαλωσίαν
946 2214 1037 2266 τοῦ
1071 2215 1330 2284 προτέρου
1355 2214 1506 2278 λαοῦ,
1532 2215 1623 2268 καὶ
1648 2216 1745 2285 τὴν

178 2306 259 2367 εἰς
292 2303 533 2374 ἔσχατον
556 2305 650 2374 τῆς
680 2303 1022 2374 Ἰερουσαλήμ
1051 2305 1341 2374 ἐρήμωσιν.

702 2416 1089 2469 ΚΕΦΑΛΑῘΟΝ
1129 2416 1246 2468 ΛΕ’.

808 2508 913 2561 Τοῦ
938 2508 1140 2560 αὐτοῦ.

256 2617 278 2652 ι
312 2599 521 2669 Κύριε,
551 2600 698 2669 ίσχύς
726 2616 822 2669 μου
844 2601 935 2651 καὶ
959 2599 1173 2669 βοηθεία
1202 2615 1321 2669 μου,
1349 2599 1440 2652 καὶ
1463 2600 1741 2670 καταφυγή

185 2702 285 2755 μου
316 2689 374 2739 ἐν
398 2687 589 2757 ἡμέρᾳ
615 2686 814 2739 κακῶν.
850 2687 988 2756 Πρὸς
1004 2688 1061 2738 σὲ
1085 2687 1209 2756 ἔθνη
1228 2687 1445 2757 ἥξουσιν
1473 2690 1566 2741 ἀπ’
1593 2689 1745 2758 ἐσχά-

180 2793 272 2828 του
310 2776 413 2846 τῆς
466 2777 589 2846 γῆς,
637 2777 728 2829 καὶ
768 2776 997 2846 ἐροῦσιν,
1038 2777 1124 2839 Ὠς
1160 2777 1328 2847 ψευδῆ
1366 2779 1657 2848 ἐκτήσαντο
1694 2781 1741 2832 οξ

184 2866 423 2935 πατέρες
451 2864 610 2934 ἡμῶν
648 2865 855 2927 εἴδωλα,
889 2867 981 2919 καὶ
1022 2869 1119 2919 οὐκ
1145 2868 1286 2920 ἐστιν
1316 2870 1372 2920 ἐν
1400 2869 1575 2932 αὐτοῖς
1606 2868 1743 2937 ὠφέ-

182 2953 354 3024 λημα.
400 2954 469 3005 El
510 2955 716 3024 ποιήσει
743 2952 918 3023 ἐαυτῴ
960 2954 1235 3026 ἄνθρωπος
1270 2955 1439 3017 θεοὺς,
1468 2956 1561 3008 καὶ
1596 2956 1738 3009 αὐτοὶ

1842 2974 1946 3013 non
1972 2960 2193 3029 profuit.
2225 2962 2471 3031 Nunquid
2503 2963 2661 3018 faciet
2684 2965 2787 3020 sibi
2818 2966 2978 3020 homo
3004 2967 3152 3032 deos,
3184 2975 3236 3022 et
3265 2967 3366 3038 ipsi

183 3044 282 3095 οὒκ
302 3044 412 3095 εἰσὶ
443 3042 559 3095 θεοί
577 3059 591 3106 ;
611 3043 706 3094 Διά
733 3042 904 3104 τοῦτο,
942 3044 1069 3106 ἰδοὺ,
1104 3044 1211 3110 ἐγὼ
1238 3044 1453 3114 δηλώσω
1488 3046 1663 3108 αὐτοῖς
1686 3046 1738 3098 ἐν

1844 3064 1947 3102 non
1996 3060 2120 3103 sunt
2148 3052 2263 3105 dii?
2294 3050 2498 3106 idcirco
2524 3069 2649 3109 ecce
2689 3070 2789 3125 ego
2834 3059 3107 3111 ostendam
3146 3059 3226 3113 eis
3275 3072 3370 3127 per

184 3133 259 3204 τῷ
292 3134 482 3206 καιρῷ
517 3134 683 3201 τούτῳ
712 3134 807 3204 τὴν
837 3134 990 3204 χεῖρά
1025 3150 1145 3202 μου,
1175 3135 1265 3187 καὶ
1307 3135 1519 3206 γνωριῶ
1561 3137 1738 3200 αὐτοῖς

1842 3137 2009 3191 vicem
2042 3138 2200 3203 hanc,
2228 3141 2504 3194 ostendam
2534 3144 2613 3197 eis
2635 3158 2848 3197 manum
2888 3160 3058 3199 meam
3106 3154 3159 3200 et
3200 3147 3371 3200 virtu-

183 3223 282 3293 τήν
315 3222 553 3290 δύναμίν
586 3238 703 3289 μου,
740 3222 829 3273 καὶ
862 3221 1150 3289 γνώσονται
1183 3224 1261 3275 ὅτι
1294 3224 1401 3291 ἐγὼ
1429 3225 1645 3295 Κύριος.
1675 3229 1738 3295 χ

1844 3234 1949 3279 tem
1977 3241 2171 3286 meam.
2201 3239 2253 3281 et
2277 3230 2446 3282 scient
2470 3230 2592 3298 quia
2624 3246 2815 3286 nomen
2848 3235 2975 3287 mihi
3011 3235 3369 3304 Dominum!

195 3310 479 3380 ’Δμαρτία
514 3307 675 3360 Ἰούδα
722 3310 1020 3377 γέγραπται
1066 3310 1121 3360 ἐν
1153 3310 1393 3379 γραφείῳ
1436 3311 1655 3382 σιδηρῷ,
1686 3313 1738 3365 ἐν

1842 3314 2121 3369 Peccatum
2156 3315 2289 3370 Juda
2333 3320 2589 3388 scriptum
2619 3328 2701 3374 est
2730 3324 2866 3390 style
2899 3321 3073 3383 ferreo
3108 3326 3160 3378 in
3192 3342 3370 3399 ungue

185 3400 337 3468 ὄνυχι
383 3396 725 3465 ἀδαμαντίνῳ
766 3398 1204 3467 ἐκκεκολαμμένη
1249 3401 1339 3452 ἐπὶ
1385 3400 1474 3452 τοῦ
1522 3401 1738 3471 στήθους

1841 3407 2184 3461 adamantino
2216 3446 2231 3470 ,
2279 3418 2552 3463 exaratum
2598 3417 2758 3477 super
2800 3410 3134 3466 latitudinem
3191 3396 3370 3471 cordis

186 3489 283 3558 τῆς
316 3484 551 3556 καρδίας
581 3485 772 3539 αὐτῶν.
809 3506 827 3536 ι
862 3487 992 3556 Περὶ
1022 3488 1124 3539 τῶν
1158 3488 1244 3540 διὰ
1269 3489 1497 3559 Χριστοῦ
1526 3491 1614 3543 τὸν
1636 3493 1738 3543 τῶν

1839 3511 2023 3550 eorum
2036 3497 2100 3550 ”.
2143 3515 2161 3548 ι
2195 3497 2269 3552 De
2297 3498 2363 3553 iis
2383 3498 2471 3567 qui
2504 3513 2596 3566 per
2615 3497 2888 3554 Christum
2912 3503 3148 3556 omnium
3178 3519 3372 3575 cogno-

186 3574 323 3628 δλων
362 3573 747 3641 ἐπεγνωκότων
779 3573 906 3627 Θεὸν
946 3575 1316 3645 προφητεύσας
1352 3578 1380 3629 ὁ
1413 3578 1584 3646 λόγος,
1619 3580 1738 3649 ἑξῆς

1839 3596 2028 3641 verunt
2069 3585 2236 3641 Deum
2296 3586 2575 3657 Scriptura
2621 3588 2971 3657 prophetizat,
3010 3598 3064 3645 et
3111 3573 3369 3650 continuo

185 3663 387 3733 ἐπάγει
438 3662 687 3733 περὶτῆς
728 3664 862 3717 κατὰ
904 3662 996 3717 τοῦ
1044 3666 1287 3737 Σωτῆρος
1325 3666 1418 3720 τοῦ
1484 3670 1741 3722 Ἰουδαίων

188 3751 318 3806 λαοῦ
364 3752 657 3823 ἁμαρτίας,
689 3752 1056 3815 ἀνεξάλειπτον
1099 3756 1263 3825 αὐτήν
1300 3755 1511 3809 ἐσεσθαι
1546 3759 1740 3827 σημαί-

190 3858 295 3894 νων
322 3841 467 3896 κατα
492 3843 587 3903 τὰς
622 3841 1008 3911 παρατεθείσας
1034 3845 1169 3912 μετὰ
1194 3846 1522 3915 ἀστερίσκων
1548 3846 1736 3914 λέξεις*

189 3928 253 3991 ἃς
273 3928 499 3981 δύναταί
526 3944 606 3990 τις
644 3930 735 3982 καὶ
774 3930 863 3981 ἐπὶ
894 3928 982 3983 τοῦ
1012 3930 1265 4001 προδότου
1304 3933 1469 3987 Ἰούδα
1502 3935 1739 4005 ἐφαρμό-

191 4015 326 4078 ζειν,
354 4018 431 4080 ὡς
454 4018 545 4071 καὶ⁸
565 4019 816 4088 ὀνομαστὶ
834 4019 910 4089 τῷ
933 4019 1059 4090 Θείῳ
1080 4020 1351 4091 Πνεύματι
1375 4024 1741 4094 προεγνωσμέ-

189 4122 285 4157 νου
320 4120 379 4155 τε
407 4105 500 4156 καὶ
527 4123 944 4178 προαναπεφωνη
955 4109 1134 4179 μένου.

684 4219 1064 4273 ΚΕΦΑΛΑΙΟΝ
1115 4221 1252 4286 Δεῖ.

2350 4202 2575 4260 CAPUT
2611 4206 2847 4263 XXXVI.

805 4308 908 4361 T013
939 4309 1143 4363 αὑτοῦ.

2448 4294 2527 4348 Ea:
2553 4296 2745 4350 eodem.

276 4395 434 4456 Ἰδοὺ,
472 4394 668 4464 ήμέραι
714 4394 973 4463 ἔρχονται,
1020 4397 1165 4464 λέγει
1205 4400 1424 4469 Κύριος,
1466 4401 1557 4454 καὶ
1603 4402 1732 4453 ἁνα-

1911 4402 1929 4432 ι
1959 4380 2097 4437 Ecce
2125 4383 2241 4437 dies
2269 4383 2510 4448 veniunt,
2542 4384 2676 4437 dicit
2700 4384 2993 4440 Dominus:
3016 4395 3070 4439 et
3092 4385 3367 4442 suscitabo

197 4485 382 4552 στήσω
425 4481 504 4550 τῷ
545 4463 702 4533 Δαυῒδ
748 4483 1000 4552 ἀνατολὴν
1040 4463 1265 4551 δικαίαν,
1292 4463 1399 4541 ἰκαὶ
1443 4488 1737 4558 βασιλεύσει

1838 4472 2004 4527 David
2034 4488 2249 4542 germen
2274 4475 2479 4543 justum
2510 4494 2522 4527 :
2556 4481 2609 4528 et
2638 4474 2881 4544 regnabit
2909 4491 3002 4530 rex
3029 4514 3044 4539 ,
3075 4483 3129 4529 et
3155 4478 3367 4546 sapiens

199 4569 470 4637 βασιλεὺς,
497 4568 590 4620 καὶ
614 4568 844 4636 συνήσει,
878 4568 969 4618 καὶ
996 4572 1204 4637 ποιήσει
1229 4572 1397 4641 κρίμα
1423 4573 1515 4624 καὶ
1535 4572 1737 4625 δικαιο-

1839 4565 1980 4619 erit:
2027 4572 2081 4618 et
2129 4563 2292 4619 faciet
2325 4565 2589 4633 judicium
2626 4574 2677 4620 et
2713 4566 2975 4634 justitiam
3017 4568 3068 4619 in
3110 4575 3272 4621 terra.
3306 4566 3366 4620 In

200 4655 363 4727 σύνην
384 4657 480 4709 ἐπὶ
506 4656 601 4725 τῆς
628 4659 749 4726 γῆς.
796 4657 882 4708 Ἐν
909 4661 1025 4720 ταῖς
1049 4659 1273 4727 ἡμέραις
1301 4660 1459 4713 αὐτοῦ
1496 4661 1735 4729 σωθήσε-

1839 4652 2027 4706 diebus
2047 4651 2152 4706 illis
2179 4654 2473 4708 salvabitur
2494 4654 2630 4709 Juda
2647 4694 2662 4718 ,
2693 4662 2746 4709 et
2768 4654 2930 4708 Israel
2959 4654 3216 4709 habitabit
3235 4669 3366 4709 eon-

197 4762 286 4798 ται
303 4749 396 4801 καὶ
430 4747 649 4809 Ἰούδας,
673 4747 764 4800 καὶ
797 4748 1006 4818 Ἰσραὴλ
1027 4750 1427 4819 κατασκηνώσει
1449 4752 1734 4815 πεποιθὼς,

1839 4740 2099 4794 fidenter:
2147 4748 2202 4793 et
2240 4741 2342 4794 hoc
2381 4752 2464 4795 est
2502 4757 2695 4794 nomen
2737 4741 2879 4808 quod
2924 4739 3190 4793 vocabunt
3217 4755 3362 4804 eum,

202 4839 291 4890 καὶ
319 4838 481 4890 τοῦτο
510 4838 568 4889 τὸ
599 4837 786 4907 ὄνομα,
826 4837 854 4889 ὃ
888 4839 1100 4890 καλέσει
1132 4841 1319 4903 αὐτοὺς
1358 4841 1574 4910 Κύριος,
1625 4843 1735 4894 Ἰω-

1840 4829 2099 4883 Dominus
2121 4870 2136 4893 ,
2166 4827 2392 4883 Josedec
2421 4831 2473 4882 in
2505 4830 2780 4898 prophetis
2803 4831 2841 4880 ¹.
2862 4869 2875 4883 .
2899 4867 2912 4881 .
2936 4827 2992 4882 lu
3021 4828 3108 4881 die
3135 4829 3224 4882 illa
3244 4867 3259 4892 ,
3288 4830 3366 4883 ait

2368 2422 2591 2479 CAPUT
2622 2424 2830 2481 XXXV.

2452 2513 2536 2567 Ea:
2562 2514 2759 2569 eadem.

1915 2618 1933 2650 ι
1968 2597 2207 2663 Domine,
2243 2600 2499 2655 fortitudo
2531 2617 2645 2657 mea
2674 2611 2727 2658 et
2755 2603 2919 2658 robur
2951 2620 3146 2670 meum,
3190 2615 3243 2662 et
3282 2623 3369 2663 re.

1844 2689 2043 2759 fugium
2096 2707 2271 2745 meum
2326 2693 2378 2745 in
2420 2692 2507 2748 die
2555 2695 2936 2750 tribulationis.
2977 2697 3057 2751 Ad
3099 2706 3152 2752 te
3183 2708 3369 2768 gentes

1840 2780 2053 2834 venient
2083 2781 2148 2834 ab
2174 2783 2426 2836 extremis
2451 2792 2627 2845 terra,
2653 2792 2706 2838 et
2731 2785 2909 2839 dicent
2936 2803 2949 2839 :
2987 2785 3118 2841 Vere
3148 2788 3369 2842 menda-

1840 2869 1981 2922 cium
2012 2870 2363 2939 possederunt
2392 2883 2568 2941 patres
2597 2875 2789 2936 nostri,
2817 2875 3125 2937 vanitatem.
3152 2892 3271 2947 quae
3289 2877 3369 2935 eis

1838 3673 2141 3729 Judazorum
2189 3677 2370 3747 populi
2396 3676 2651 3732 adversus
2683 3676 3011 3734 Salvatorem
3060 3680 3369 3751 iniquitates

1839 3767 2105 3830 indicans,
2138 3766 2450 3822 indelebiles
2478 3781 2569 3822 eas
2598 3767 2711 3823 fore
2739 3767 2974 3823 ostendit
3013 3778 3200 3825 notato
3227 3781 3367 3829 aste-

1840 3855 1997 3910 riscis
2023 3855 2161 3909 loco.
2193 3854 2322 3920 Quae
2353 3855 2564 3924 quidem
2586 3867 2639 3910 et
2666 3856 2907 3911 tradituri
2938 3856 3088 3914 Iuda:
3129 3860 3368 3931 adaptarl

1838 3951 2084 4015 possunt,
2120 3958 2149 3998 a
2189 3944 2391 4014 Spiritu
2420 3954 2607 4001 sancto
2648 3948 2957 4003 nominatim
2998 3961 3121 4006 ante
3159 3959 3368 4025 tempus

1836 4038 2051 4104 cognito
2082 4041 2239 4104 atque
2266 4036 2557 4090 nominato.

205 4926 354 4981 σεδὲκ
380 4929 438 4981 ἐν
467 4930 574 4991 τοῖς
600 4928 915 4999 προφήταις.
953 4929 1038 4981 Ἐν
1061 4931 1125 4998 τῇ
1154 4928 1328 4998 ἡμέρᾳ
1356 4930 1555 5001 ἐκείνῃ,
1589 4928 1736 4985 εἶπεν

1838 4920 2095 4974 Dominus
2118 4957 2133 4981 ,
2159 4928 2432 4973 conteram
2455 4920 2641 4989 jugum
2669 4919 2734 4973 de
2759 4920 2899 4973 collo
2925 4934 3108 4973 eorum
3125 4958 3140 4982 ,
3171 4926 3227 4973 et
3251 4919 3365 4975 vin-

203 5014 420 5085 Κύριος,
471 5016 738 5086 συντρίψω
788 5016 942 5084 ζυγὸν
973 5017 1077 5070 ἀπὸ
1112 5020 1372 5088 τραχήλου
1404 5018 1598 5083 αὐτῶν,
1647 5022 1738 5074 καὶ

1838 5011 1955 5066 cula
1981 5023 2166 5063 eorum
2192 5009 2522 5077 disrumpam
2545 5048 2558 5071 ,
2588 5016 2639 5062 et
2681 5024 2788 5062 non
2827 5009 3248 5064 dominabuntur
3283 5010 3362 5066 eis

200 5107 320 5167 τοὺς
345 5106 575 5175 δεσμοὺς
607 5105 780 5159 αὐτῶν
807 5106 1095 5177 διαρρήξω,
1127 5107 1219 5159 καὶ
1250 5108 1345 5160 ούκ
1368 5108 1627 5177 ἐργῶνται
1652 5111 1737 5162 αύ-

202 5192 278 5243 τοί
306 5194 383 5247 ἐτι
410 5194 723 5265 ἀλλοτρίοις,
755 5196 846 5248 καὶ
876 5196 1135 5266 ἐργῶνται
1168 5196 1245 5265 τῷ
1282 5198 1466 5267 Κυρίῳ
1494 5197 1609 5267 Θεῷ
1636 5200 1732 5252 αὑ-

201 5279 323 5341 τῶν.
348 5286 441 5337 καὶ
464 5283 553 5336 τὸν
577 5284 736 5336 Δαυῖδ
762 5284 977 5353 βασιλέα
997 5285 1168 5338 αὐτῶν
1194 5286 1472 5357 ἀναστήσω
1497 5286 1689 5349 αὐτοῖς.
1704 5306 1723 5342 ι

205 5367 415 5435 Τούτοις
438 5373 504 5425 τὰ
527 5375 871 5443 παραπλήσια
901 5374 992 5426 καὶ
1020 5376 1076 5427 ἐν
1105 5375 1273 5445 ἑτέρῳ
1297 5375 1387 5429 τοῦ
1420 5373 1579 5428 αὑτοῦ
1602 5392 1729 5445 προ-

204 5457 361 5524 φήτου
403 5461 552 5531 τόπῳ
592 5461 802 5531 εἴρηται
840 5463 897 5513 ἐν
935 5460 1154 5527 τούτοις·
1186 5484 1205 5513 ι
1254 5463 1376 5516 Ἰδοὺ
1411 5463 1607 5534 ἡμέραι
1645 5464 1730 5535 ἐρ-

1832 5098 2062 5168 amplius
2100 5098 2296 5162 alieni,
2341 5099 2435 5153 sed
2475 5100 2707 5153 servient
2748 5098 2977 5154 Domino
3008 5098 3115 5153 Deo
3141 5114 3273 5163 suo,
3307 5111 3362 5155 et

1832 5188 1995 5240 David
2033 5187 2144 5257 regi
2203 5202 2302 5241 suo
2328 5201 2484 5257 quem
2508 5188 2781 5242 suscitabo
2807 5189 2885 5242 eis
2913 5188 2954 5242 ⁸.
2979 5206 2999 5239 ι
3024 5188 3121 5243 His
3151 5188 3260 5242 fere
3289 5189 3363 5244 si-

1831 5279 1977 5335 milia
2006 5279 2059 5331 in
2090 5278 2195 5331 alio
2227 5277 2468 5346 ejusdem
2503 5279 2775 5347 propheta
2816 5279 2937 5332 loco
2977 5277 3234 5334 dicuntur
3274 5279 3360 5340 bis

1828 5368 2004 5423 verbis
2030 5386 2042 5421 :
2067 5384 2086 5417 ι
2112 5366 2248 5421 Ecce
2274 5366 2388 5421 dies
2412 5368 2663 5429 veniunt,
2686 5367 2818 5421 dicit
2842 5366 3102 5423 Dominus
3120 5406 3136 5432 ,
3165 5376 3220 5423 et
3243 5384 3363 5425 sus.

1829 5460 2004 5518 citabo
2049 5459 2269 5515 verbum
2322 5460 2519 5513 bonum
2560 5456 2701 5527 quod
2746 5458 2960 5512 locutus
3005 5472 3126 5513 sum
3168 5457 3237 5512 ad
3262 5458 3362 5513 doc

267 5605 310 5685 ξ’
345 5608 474 5667 Luc.
502 5610 727 5685 ιῃιῷι,
760 5612 845 5666 55.
917 5613 961 5645 "
989 5610 1141 5667 Joan.
1176 5630 1231 5679 x,
1266 5615 1351 5672 18.
1423 5614 1471 5652 ’⁸
1490 5613 1646 5671 Joan.
1678 5630 1738 5670 ιι

1838 5615 1901 5671 5.
1974 5614 2018 5648 ’⁸
2045 5611 2153 5671 Jer.
2183 5627 2293 5678 xvi,
2328 5609 2518 5677 lﬂoil;
2569 5624 2699 5676 xm,
2726 5607 2779 5664 l.
2854 5610 2873 5642 ³
2904 5608 3013 5665 Jer.
3042 5623 3198 5675 xxm,
3228 5605 3282 5672 5,
3302 5604 3355 5660 6.

206 5671 224 5700 ‘
250 5672 351 5731 Jer.
385 5696 511 5746 xxx,
541 5671 674 5743 8,79.

507 5772 768 5833 Parnm.
816 5771 931 5834 Gtt.
961 5770 1161 5834 XXII.

2946 5776 3022 5835 37
