3952 6390
282 408 438 462 H65

1325 397 1617 455 ECLOGIE
1656 392 2121 452 PROPHETICIE.
2163 425 2230 434 —
2264 393 2392 449 LIB.
2433 392 2474 451 ιδ

3341 391 3474 446 “66

279 523 637 594 ἀναίμακτον
677 515 771 576 καὶ
808 515 1046 590 καθαρὰν
1085 517 1292 570 θυσίαν.
1332 516 1394 567 El
1429 516 1536 586 γὰρ
1583 517 1654 585 μὴ
1696 513 1828 568 ταῦθ

1945 524 2041 564 eos
2073 507 2222 562 adire
2251 506 2573 562 Jerusalem.
2604 504 2754 570 Quod
2797 507 2841 561 si
2881 506 3140 576 obiiciant
3177 505 3345 560 Judaai
3379 522 3477 576 per

277 611 472 676 οὕτως
500 613 840 682 ὲκλὰὁοιμεν,
869 603 984 680 ῶρα
1007 608 1215 676 ψευδεῖς
1247 603 1562 673 ἀπελέγχειν
1597 604 1694 667 τὰς
1722 621 1843 674 προ-

279 703 551 771 φητείας,
575 701 653 771 τῷ
684 702 816 771 μήτε
840 700 927 752 τὸν
953 697 1133 768 θρόνον
1157 694 1312 748 Δαυῒδ
1341 693 1678 762 σωματικῶς,
1709 696 1840 763 μήτε

278 788 393 857 τὴν
445 789 726 859 ἱερατικὴν
765 783 1128 855 λειτουργείαν
1165 782 1256 851 τὴν
1286 783 1514 848 τοπικὴν
1551 781 1714 831 εἰσέτι
1751 778 1842 832 νῦν

280 877 644 928 συνεστάναι·
679 875 784 927 τῶν
823 875 918 945 μὲν
956 875 1018 924 ἐκ
1055 872 1359 944 σπέρματος
1395 868 1554 922 Acuta
1585 867 1841 936 βασιλέων

276 962 349 1027 ἐξ
369 965 557 1018 αὐτῶν
577 966 685 1018 τῶν
724 963 976 1034 Ἰερεμίου
1006 961 1206 1030 χρόνων
1229 959 1645 1020 διαλελοιπότων,
1674 961 1770 1028 τῆς
1789 957 1844 1011 δὲ

274 1051 575 1124 λευῖτικῆς
618 1055 710 1107 καὶ
753 1054 1022 1122 ἱερατικῆς
1067 1049 1397 1119 λειτουργίας
1441 1049 1554 1117 μετ’
1608 1050 1672 1100 οὺ
1711 1049 1840 1101 πολὺ

273 1144 393 1211 τῆς
417 1143 514 1195 τοῦ
535 1145 781 1212 Σωτῆρος
803 1141 954 1211 ήμῶν
981 1139 1288 1209 παρουσίαςο
1314 1138 1371 1200 ἐξ
1395 1134 1459 1207 ἧς
1480 1138 1570 1188 καὶ
1595 1139 1672 1200 είς
1689 1137 1844 1207 δεῦρο

270 1231 419 1283 οὐδὲ
452 1232 746 1284 ὲπιΰαίνειν
768 1233 945 1292 αὐτοῖς
981 1229 1078 1297 τῆς
1117 1227 1459 1297 Ἰερουσαλὴμ
1479 1227 1698 1291 ἔξεστιν.
1734 1227 1842 1278 Καὶ

273 1319 332 1369 εί
373 1321 642 1388 φάσκοιέν
674 1337 736 1386 γε
768 1321 814 1370 oi
845 1321 907 1370 ἐκ
941 1317 1228 1387 περιτομῆς
1253 1316 1318 1368 δι’
1349 1317 1406 1367 ὃν
1429 1331 1554 1377 φασι
1584 1316 1842 1386 πατριάρ-

270 1423 395 1478 χην
429 1410 506 1480 μὴ
532 1409 891 1461 ἐκλελοιπέναι
910 1408 968 1459 τὸ
995 1408 1206 1476 σπέρμα
1227 1405 1400 1466 Δαυῖδ,
1431 1405 1542 1456 ἀλλ’
1563 1404 1838 1472 ἐλεγκτέον

1946 612 2106 668 quem
2151 597 2339 650 dicunt
2381 595 2743 667 patriarcham
2792 613 2898 650 non
2948 598 3210 653 defecisse
3255 597 3474 654 Davidis

1945 705 2126 745 semen
2145 727 2162 750 ,
2197 688 2628 757 respondendum
2658 702 2764 741 non
2794 703 2950 757 posse
2978 704 3071 744 eos
3117 691 3259 744 hunc
3287 697 3474 745 osten-

1947 780 2072 834 dere
2115 780 2169 833 in
2219 779 2436 833 Davidis
2483 779 2619 832 solio
2661 779 2966 844 sedentem,
3019 780 3073 832 in
3115 781 3310 834 throno
3353 778 3474 848 ejus

1949 878 2286 938 regnantem,
2317 876 2478 938 atque
2505 869 2667 924 Israel
2717 869 3102 924 dominantem.
3159 869 3281 924 llrec
3327 874 3469 925 enim

1944 956 2221 1024 prophetia
2250 956 2380 1010 dicit
2410 972 2682 1026 nunquam
2712 971 2832 1012 esse
2870 955 3143 1010 defectura
3168 997 3183 1019 ,
3227 975 3344 1028 qua:
3383 960 3470 1011 ta-

1943 1062 2121 1100 mena
2160 1047 2484 1116 captivitatis
2521 1057 2758 1117 tempore
2804 1047 3086 1100 manifeste
3121 1047 3430 1102 defeCeruht
3452 1087 3467 1110 .

1941 1150 2006 1190 ex
2035 1153 2140 1205 quo
2164 1138 2343 1190 nullus
2370 1153 2604 1206 unquam
2633 1137 2849 1190 Davidis
2877 1153 2905 1191 e
2938 1138 3144 1191 semine
3180 1153 3274 1191 rex
3301 1134 3470 1191 Israel

1942 1230 2228 1284 invenitur.
2280 1230 2419 1296 Quid
2463 1240 2516 1284 et
2556 1230 2623 1284 de
2667 1231 2968 1284 sacerdotio
3007 1231 3282 1292 dicerent,
3327 1245 3471 1285 nunc

1943 1317 2155 1385 penitus
2193 1315 2402 1380 deleto,
2450 1317 2592 1386 quod
2636 1327 2811 1372 tamen
2856 1333 3130 1386 nunquam
3175 1320 3470 1387 periturum

1941 1406 2219 1474 prophetia
2249 1408 2615 1476 praenuntiat?

266 1513 340 1548 τε
380 1496 498 1568 (γε)
532 1500 720 1561 αὐτοὺς
759 1498 832 1568 μὴ
862 1497 1180 1566 δυναμένους
1219 1495 1488 1558 ἀποδεῖξαι
1531 1493 1828 1563 καθήμενον
1865 1495 2022 1548 αὐτὸν
2046 1495 2135 1546 ἐπὶ
2157 1495 2342 1565 θρόνου
2371 1496 2553 1561 Δαυῖδ,
2584 1498 2674 1549 καὶ
2701 1496 3042 1566 βασιλεύοντα
3062 1499 3154 1549 ἐπὶ
3208 1496 3299 1550 τοῦ
3358 1488 3472 1568 θρόδ

267 1604 379 1640 νου
423 1589 608 1652 αὑτοῦ,
652 1589 743 1641 καὶ
783 1588 1009 1656 ἄρχοντα
1052 1587 1140 1638 τοῦ
1191 1585 1418 1655 Ἰσραήλ⁶
1457 1583 1624 1636 ταῦτα
1665 1585 1828 1653 γὰρὴ
1865 1585 2160 1654 προφητεία
2188 1587 2320 1655 φησι
2349 1585 2696 1656 μηδεπώποτε
2724 1587 3027 1654 διαλείψειν,
3083 1588 3230 1641 ἃκαὶ
3288 1589 3472 1658 σαφῶς

269 1681 631 1749 παρίσταται
662 1678 766 1732 ἀπὸ
789 1679 892 1731 τῶν
920 1679 1018 1748 τῆς
1073 1676 1437 1748 αἰχμαλωσίας
1469 1676 1668 1746 χρόνων
1699 1674 2079 1738 διαλελοιπότα,
2134 1676 2191 1742 ἐξ
2221 1673 2281 1730 οὗ
2329 1677 2460 1748 μηδὲ
2492 1672 2570 1740 εἷς
2638 1676 2953 1746 βασιλεύσας
3013 1677 3106 1730 τοῦ
3145 1679 3354 1749 Ἰσραὴλ
3407 1679 3472 1733 ἐκ

265 1771 383 1823 τοῦ
427 1773 734 1844 σπέρματος
769 1771 926 1823 Δαυῒδ
954 1770 1341 1823 ἀποδείκνυται·
1370 1767 1422 1820 τί
1456 1768 1499 1819 δ’
1528 1767 1592 1820 ἂν
1618 1768 1840 1837 φήσαιεν
1877 1767 1969 1820 καὶ
1995 1767 2120 1838 περὶ
2155 1768 2251 1838 τῆς
2280 1768 2515 1838 ἐναργῶς
2555 1767 2694 1820 κατὰ
2724 1767 2811 1819 τὸν
2842 1767 3080 1836 παρόντα
3107 1768 3292 1837 καιρὸν
3313 1809 3318 1815 .
3337 1768 3471 1821 κιθ-¹

264 1855 578 1931 ῃρημένης
620 1860 898 1930 ίερατείας,
946 1861 1010 1929 ῆν
1039 1858 1385 1929 μηδεπώποτε
1425 1856 1953 1927 ἐξολοθρευθήσεσθαι
1981 1860 2013 1926 ἡ
2039 1860 2336 1930 προφητεία
2361 1858 2746 1929 προαγορεύει;

793 1971 1177 2024 ΚΕΦΑΛΑΙΟΝ
1223 1971 1341 2024 ΛΖ’.

2419 1940 2658 2023 ὀΑΡυΤ
2700 1967 2954 2022 xxxv".

898 2083 1006 2136 Τοῦ
1044 2083 1250 2136 αὑτοῦ.

2558 2081 2639 2134 Ex
2671 2085 2864 2136 eodem.

2010 2216 2032 2251 ο
2076 2198 2213 2253 Ecce
2250 2197 2366 2253 dies
2410 2198 2666 2263 venient,
2696 2198 2825 2253 dicit
2863 2186 3158 2252 Dominus:
3194 2209 3244 2252 et
3280 2188 3465 2254 feriam

1935 2287 2116 2342 domui
2164 2288 2325 2342 Israel
2369 2297 2423 2342 et
2450 2288 2630 2342 domui
2678 2287 2813 2342 Juda
2863 2287 3036 2342 foedus
3084 2303 3279 2341 novum
3313 2306 3328 2354 ;
3358 2305 3466 2343 non

1933 2375 2224 2430 secundum
2260 2384 2493 2445 pactum,
2543 2367 2686 2445 quod
2737 2377 2909 2446 pepigi
2945 2392 3065 2430 cum
3107 2377 3351 2447 patribus
3377 2393 3470 2432 eo-

1932 2481 2073 2530 rum,
2127 2467 2180 2519 in
2227 2466 2313 2520 die
2357 2482 2461 2535 qua
2510 2465 2832 2535 apprehendi
2883 2481 3097 2519 manum
3146 2482 3352 2529 eorum,
3411 2474 3468 2519 ut

1930 2555 2211 2608 educerem
2235 2569 2330 2609 eos
2381 2554 2447 2608 de
2494 2561 2638 2607 terra
2688 2553 2898 2622 Egypti
2929 2569 2944 2617 ;
2974 2559 3185 2622 pactum
3217 2553 3358 2621 quod
3391 2553 3467 2606 ir-

1929 2643 2090 2697 ritum
2124 2645 2384 2708 fecerunt,
2414 2652 2466 2698 et
2491 2659 2587 2714 ego
2615 2644 2921 2698 dominatus
2951 2660 3067 2699 sum
3101 2654 3306 2706 eorum,
3335 2645 3469 2699 dicit

1929 2732 2204 2788 Dominus.
2244 2734 2344 2788 Sed
2381 2734 2482 2787 hoc
2527 2733 2630 2788 erit
2673 2744 2906 2802 pactum,
2935 2733 3077 2801 quod
3118 2732 3301 2786 feriam
3343 2743 3466 2786 cum

1928 2822 2088 2878 domo
2122 2823 2285 2878 Israel
2314 2839 2327 2876 :
2364 2822 2492 2878 Post
2519 2823 2632 2876 dies
2675 2823 2815 2885 illos,
2851 2823 2982 2876 dicit
3015 2821 3290 2885 Dominus,
3325 2821 3466 2876 dabo

1929 2913 2094 2982 legem
2141 2927 2312 2967 meam
2349 2913 2402 2967 in
2446 2912 2748 2967 visceribus
2777 2927 2982 2974 eorum,
3011 2919 3065 2965 et
3099 2911 3155 2964 in
3186 2910 3346 2965 corde
3374 2925 3469 2965 ωε

1926 3017 2046 3056 rum
2077 3002 2306 3056 scribam
2320 3017 2469 3056 eam:
2497 3009 2548 3055 et
2579 3015 2673 3057 ero
2698 3003 2777 3056 eis
2806 3003 2858 3054 in
2883 3000 3067 3064 Deum,
3098 3009 3150 3055 et
3177 3001 3276 3068 ipsi
3309 3007 3468 3054 erunt

354 2208 379 2244 ε
430 2191 566 2246 Ἰδοὺ
594 2193 793 2263 ἡμέραι
829 2191 1094 2262 ἔρχονται,
1129 2193 1257 2263 φησὶ
1286 2192 1504 2264 Κύριος,
1535 2194 1626 2247 καὶ
1656 2193 1837 2266 διαθή-

265 2300 460 2354 σομαι
495 2283 572 2352 τῷ
595 2283 726 2352 οἴκῳ
766 2283 975 2353 Ἰσραὴλ
1008 2284 1100 2336 καὶ
1124 2283 1199 2353 τῷ
1223 2284 1352 2354 οἴκῳ
1396 2284 1559 2336 Ἰούδα
1584 2283 1837 2355 διαθήκην

259 2376 508 2444 καινήν·
547 2373 607 2426 οὐ
643 2372 781 2425 κατὰ
806 2373 903 2442 τὴν
934 2373 1191 2442 διαθήκην
1226 2373 1290 2441 ῆν
1318 2371 1564 2443 διεθέμην
1595 2375 1703 2436 τοῖς
1736 2391 1836 2425 πα-

256 2465 486 2534 τράσιν
519 2460 693 2514 αὐτῶν
720 2465 777 2514 ὲν
814 2460 990 2532 ἡμέρᾳ
1014 2461 1390 2531 ἐπιλαϐομένου
1420 2478 1519 2530 μου
1546 2461 1644 2530 τῆς
1661 2461 1836 2531 χειρὸς

259 2553 473 2607 αὐτῶν
510 2553 795 2619 ἐξαγαγεῖν
828 2553 1017 2612 αὐτοὺς
1051 2551 1112 2602 ἐκ
1139 2553 1238 2620 γῆς
1261 2551 1548 2617 Αἰγύπτουο
1580 2551 1657 2602 ὃτι
1686 2551 1835 2602 αὐτοὶ

255 2645 375 2697 οὐκ
409 2643 695 2712 ἐνέμειναν
735 2645 789 2694 ὲν
821 2645 885 2711 τῇ
922 2639 1147 2711 διαθήκῃ
1185 2658 1304 2710 μου,
1337 2641 1429 2693 καὶ
1462 2639 1567 2708 ἐγὼ
1591 2639 1832 2710 ἠμέλησα

254 2733 488 2794 αὐτῶν,
522 2733 652 2802 φησὶ¹
671 2730 887 2801 Κύριος,
917 2734 996 2784 ὅτι
1027 2731 1159 2800 αῦτη
1185 2733 1216 2800 ή
1238 2730 1482 2800 διαθήκη,
1507 2730 1572 2799 ἢν
1594 2729 1834 2799 διαθήσο-

260 2839 376 2892 μαι
415 2818 502 2888 τῷ
524 2818 655 2887 οἴκῳ
687 2818 915 2888 Ἰσραήλ·
944 2819 1076 2887 μετὰ
1097 2818 1189 2878 τὰς
1215 2817 1422 2886 ἡμέρας
1450 2816 1677 2878 ἐκείνας,
1702 2815 1832 2883 φησὶ

251 2911 516 2984 Κύριος,
551 2909 720 2970 διδοὺς
759 2909 950 2978 νόμους
993 2922 1089 2978 μου
1126 2910 1203 2970 είς
1236 2908 1331 2978 τήν
1370 2907 1600 2960 διάνοιαν
1635 2907 1828 2969 αὐτῶν,

250 3003 364 3056 καὶ
424 3000 522 3051 ἐπὶ
566 2999 786 3068 καρδίας
825 2998 1002 3050 αὐτῶν
1032 2998 1226 3065 γράψω
1258 2998 1468 3059 αὐτοὺς,
1511 2999 1602 3049 καὶ
1644 2997 1829 3066 ἔσομαι

251 3093 470 3153 αὐτοῖς
507 3089 585 3150 είς
614 3088 762 3148 Θεὸν,
795 3088 886 3140 καὶ
922 3089 1077 3139 αὐτοὶ
1114 3087 1317 3168 ἔσονταί
1354 3102 1439 3155 μοι
1469 3087 1545 3148 είς
1575 3085 1714 3138 λαόνο
1741 3084 1828 3140 καὶ

1928 3093 2058 3145 mihi
2091 3094 2143 3145 in
2178 3093 2450 3160 populum.
2483 3090 2545 3143 Et
2577 3107 2682 3144 non
2726 3091 2938 3145 docebit
2989 3092 3128 3144 ultra
3175 3092 3258 3144 vir
3285 3093 3469 3160 prosi»

247 3183 316 3233 οὺ
352 3179 447 3249 μὴ
473 3175 748 3237 διδάξωσιν
771 3175 992 3236 ἕκαστος
1015 3175 1104 3226 τὸν
1136 3173 1354 3242 πλησίον
1379 3173 1561 3235 αὑτοῦ,
1589 3175 1680 3226 καὶ
1700 3175 1828 3226 ’ἐκα-

1929 3197 2071 3234 mum
2097 3197 2272 3242 suum,
2303 3189 2356 3233 et
2392 3181 2476 3234 vir
2508 3180 2724 3234 fratrem
2772 3193 2949 3244 suum,
2993 3181 3178 3235 dicens
3206 3202 3217 3234 :
3251 3181 3467 3249 Cogno-

247 3281 402 3329 στος
449 3263 540 3316 τὸν
573 3263 796 3331 ἀδελφὸν
831 3262 990 3314 αὐτοῦ
1036 3263 1223 3328 λέγων,
1274 3262 1440 3314 Γνῶθι
1482 3263 1568 3314 τὸν
1609 3263 1823 3332 Κύριον’

1928 3285 2018 3324 sce
2063 3268 2343 3323 Dominum
2372 3284 2384 3322 :
2413 3285 2600 3323 omnes
2625 3271 2767 3323 enim
2798 3281 3122 3338 cngnoscent
3147 3287 3250 3334 me,
3293 3287 3324 3324 a
3365 3273 3466 3324 mi-

242 3360 344 3412 ὄτι
385 3355 596 3414 πάντες
629 3351 894 3422 εἰδήσουσί
926 3368 988 3420 με
1029 3353 1133 3404 ἀπὸ
1174 3351 1364 3422 μικροῦ
1407 3351 1580 3405 αὐτῶν
1611 3351 1710 3414 ἕως
1737 3369 1828 3421 με-

1930 3361 2077 3414 nimo
2119 3375 2306 3414 eorum
2357 3375 2526 3428 usque
2575 3361 2640 3414 ad
2687 3361 2998 3425 maximum,
3049 3363 3123 3416 ait
3170 3362 3460 3422 Dominus.

244 3447 452 3516 γάλου
503 3439 696 3501 αὐτῶν,
743 3439 874 3507 φησι
919 3438 1135 3508 Κύριος·
1183 3440 1262 3490 ὅτι
1306 3439 1442 3502 ἵλεος
1479 3439 1668 3508 ἔσομαι
1710 3441 1827 3501 ταῖς

1931 3448 2054 3517 quia
2085 3448 2413 3516 propitiabor
2443 3448 2710 3516 iniquitati
2739 3457 3014 3509 corum.et
3043 3450 3249 3518 peccati
3276 3465 3461 3504 eorum

244 3533 525 3593 ἀδικίαις
564 3528 768 3592 αὐτῶν,
811 3530 902 3581 καὶ
946 3528 1052 3580 τῶν
1103 3528 1377 3598 ἁμαρτιῶν
1424 3528 1600 3580 αὐτῶν
1646 3528 1706 3579 ού
1754 3527 1826 3597 μὴ

1929 3553 2035 3591 non
2064 3538 2399 3591 memorabor
2425 3538 2654 3607 amplius
2679 3538 2739 3589 ιο.
2777 3556 2794 3588 ι
2832 3536 3112 3593 Manifeste
3141 3539 3193 3590 in
3231 3553 3462 3607 sequen-

251 3619 515 3696 μνησθῶ
537 3617 633 3671 ἔτι.
669 3638 687 3668 ι
722 3618 910 3686 Σαφῶς
945 3620 1000 3668 ἐν
1023 3620 1141 3680 ταῖς
1169 3616 1440 3678 ἐπιούσαις
1468 3617 1698 3686 ἡμέραις
1718 3633 1828 3669 και·

1929 3627 2072 3682 tihus
2115 3626 2304 3681 diebus
2356 3642 2553 3681 novum
2608 3634 2982 3681 testamentum
3033 3625 3289 3679 Dominus
3335 3641 3365 3678 a
3404 3642 3462 3681 se

247 3715 365 3784 νὴν
394 3710 662 3778 διαθήκην
685 3711 712 3760 ό
734 3708 928 3777 Κύριος
953 3705 1292 3776 διαθήσεσθαι
1323 3703 1682 3774 προθεσπίζειο
1709 3723 1828 3758 και-

1930 3716 2222 3770 feriendum
2267 3716 2612 3785 pronuntiat;
2658 3731 2874 3776 novum,
2917 3716 3114 3785 quippe
3155 3715 3296 3783 quod
3327 3715 3462 3769 nihil

248 3807 366 3877 νὴν
431 3801 490 3854 δὲ
538 3800 614 3869 τῷ
649 3799 813 3869 μηδὲν
868 3799 1006 3868 ἔχειν
1053 3800 1233 3868 ὅμοιον
1273 3802 1337 3868 τῇ
1383 3798 1602 3868 παλαιᾷ,
1648 3800 1712 3868 ἣν
1743 3800 1826 3853 διὰ

249 3889 561 3950 Μωῦσέως
615 3888 671 3939 ὲν
713 3891 778 3957 τῇ
811 3889 995 3957 ἐρήμῳ
1030 3888 1265 3940 δοθεῖσαν
1313 3887 1822 3958 προμεμαθήκαμεν.

247 3975 328 4035 Τί
363 3977 415 4028 δ’
450 3977 515 4026 ἂν
548 3974 680 4043 πρὸς
711 3974 880 4026 ταῦτα
908 3978 1059 4042 φαῖεν
1084 3977 1128 4026 οἱ
1158 3976 1219 4026 ἐκ
1248 3977 1559 4044 περιτομῆς,
1589 3974 1826 4043 ἐναργῶς

247 4063 610 4123 ἀποϐλέπειν
633 4063 1022 4134 ἐπιχειροῦντες
1044 4067 1160 4126 ταῖς
1188 4063 1555 4132 προφητείαις,
1585 4064 1673 4115 καὶ
1702 4065 1826 4132 μᾶλ-

249 4155 362 4209 λον
402 4149 713 4218 αἱρούμενοι
749 4151 951 4214 ἀτελεῖς
992 4151 1156 4215 αὑτὰς
1186 4152 1539 4204 ἐπιδεικνύναι
1576 4153 1608 4222 ῆ
1645 4153 1822 4206 πείθε-

251 4245 407 4299 σθαι
445 4240 512 4306 τῇ
557 4239 792 4310 ἀληθείᾳ,
826 4241 912 4294 διὰ
952 4241 1042 4294 τοῦ
1087 4242 1474 4311 παραδέχεσθαι
1501 4242 1596 4313 τὴν
1637 4243 1822 4312 καινὴν

249 4331 383 4386 τῶν
439 4325 776 4391 Εύαγγελιῶν
820 4327 911 4380 τοῦ
962 4329 1204 4399 Σωτῆρος
1247 4329 1398 4399 ήμῶν
1439 4330 1716 4400 διαθήκην,
1755 4327 1820 4402 ἧς

251 4410 731 4487 παραγενομένης
762 4416 1122 4468 πεπαλαίωται
1152 4421 1183 4487 ή
1219 4419 1424 4488 πρώτη,
1461 4421 1626 4490 πέρας
1657 4423 1821 4490 ἴσχειν

251 4502 567 4578 ἀρξαμένη
590 4501 648 4564 ἐξ
667 4502 784 4554 ὅτου
810 4505 1236 4574 παραγενόμενος
1255 4510 1282 4559 ό
1300 4509 1523 4579 Χριστὸς
1544 4509 1818 4580 ἐπλήρωσε

1927 3805 2089 3859 veteri
2109 3807 2280 3860 simile
2297 3807 2629 3876 haberet,per
2645 3805 2856 3877 Moysen
2879 3807 2934 3860 in
2954 3807 3166 3860 deserto
3184 3805 3462 3875 pervulga-

1929 3905 2058 3952 tum.
2090 3895 2224 3962 Quid
2267 3898 2332 3951 ad
2386 3899 2498 3951 haec
2550 3901 2934 3967 responderent
2973 3898 3162 3964 Judaei,
3193 3899 3380 3952 oculos
3431 3911 3460 3950 τι

1928 3986 2220 4054 prophetiis
2281 3991 2519 4041 avertere
2565 3997 2818 4043 conantes
2847 4026 2863 4052 ,
2916 4002 3111 4056 easque
3170 3987 3460 4055 inexpletas

1926 4089 2085 4142 quam
2117 4089 2268 4129 veras
2299 4075 2522 4128 inveniri
2560 4075 2842 4138 malentes,
2877 4083 3094 4144 accepto
3144 4073 3457 4144 Evangelio-

1926 4178 2043 4216 rum
2097 4162 2390 4219 Salvatoris
2428 4165 2597 4217 nostri
2655 4172 2998 4228 testamento,
3047 4178 3156 4233 quo
3201 4177 3458 4231 supervct-

1925 4255 2104 4309 niente
2146 4255 2294 4324 prius
2335 4256 2685 4309 inveteratum
2717 4264 2839 4321 est;
2872 4255 3013 4327 quod
3048 4253 3261 4324 quidem
3309 4255 3458 4310 desis

1924 4360 2050 4399 nere
2100 4345 2260 4414 coepit
2307 4358 2368 4399 ex
2412 4353 2519 4414 quo
2567 4347 2949 4414 superveniens
2991 4345 3239 4400 Christus
3287 4345 3456 4415 lcgem

1923 4440 2083 4499 atque
2135 4431 2201 4485 de
2252 4447 2310 4486 se
2359 4433 2474 4502 ipso
2522 4434 2828 4502 prophetias
2877 4433 3132 4502 implevit.
3188 4431 3456 4488 Venturos

1923 4521 2084 4590 igitur
2109 4520 2239 4575 dicit
2267 4521 2400 4587 dies,
2448 4522 2643 4592 quibus
2689 4523 2842 4578 feriet
2883 4519 3141 4580 Dominus
3169 4532 3457 4578 testamen-

251 4598 359 4651 τὸν
395 4593 573 4660 θύμον,
596 4591 688 4642 καὶ
711 4591 807 4652 τὰς
825 4592 946 4661 περὶ
969 4593 1128 4646 αὑτοῦ
1152 4598 1492 4666 προφητείας.
1519 4597 1700 4674 ’ςΗξειν
1725 4600 1820 4668 μὲν

1928 4617 2032 4664 lum
2063 4612 2428 4681 novum,quod
2459 4591 2512 4666 in
2542 4615 2862 4683 evangelicis
2883 4615 3144 4683 scriptum
3175 4622 3257 4668 cst
3282 4615 3452 4668 libris.

251 4683 363 4740 οὖν
408 4679 625 4750 ἡμέρας
667 4680 723 4732 ἐν
760 4677 844 4743 αἷς
884 4681 1222 4751 διαθήσεσθαί
1251 4703 1407 4755 φησιν
1438 4690 1466 4740 ό
1495 4689 1692 4758 Κύριος
1723 4690 1820 4759 τὴν

256 4771 475 4839 καινὴν
520 4767 808 4838 διαθήκην⁸
842 4769 982 4821 τοῦτ’
1023 4771 1132 4824 ἔστι
1171 4771 1266 4842 τὴν
1319 4775 1582 4847 ἔγγραφον
1622 4781 1678 4832 ἐν
1712 4784 1819 4843 τοῖς

255 4859 476 4931 (ἐντὸς)
505 4856 612 4909 τῶν
645 4858 1008 4924 εὐαγγελικῶν
1035 4858 1268 4928 βιῦλίων.
1310 4857 1462 4934 Ἑξῆς
1498 4867 1541 4918 δ’
1576 4869 1819 4940 ἐπιφέρει

253 4954 452 5025 λέγων
479 4948 508 5000 ό
541 4948 698 5009 αὐτὸς
726 4947 944 5018 Κύριος,
974 4948 1048 5012 ὡς
1083 4950 1217 5020 μετὰ
1238 4951 1333 5014 τὰς
1358 4953 1564 5025 ἡμέρας
1587 4957 1814 5025 ὲκείνας,

253 5021 324 5096 ιζ,
367 5039 569 5098 αὑταῖς
602 5036 661 5103 (f.
697 5037 782 5106 37)
817 5040 932 5100 ταῖς
963 5036 1217 5102 διανοίαις
1247 5040 1349 5093 τῶν
1379 5021 1816 5115 παραδεξομένων

251 5127 368 5198 τὴν
414 5123 608 5192 καινὴν
638 5122 896 5193 διαθήκην
935 5125 1218 5195 ἐγγράφων
1261 5129 1383 5191 τοὺς
1423 5130 1578 5194 ίδίους
1604 5133 1813 5203 νόμους,

252 5216 416 5270 ὥστε
442 5213 639 5273 αὐτοὺς
665 5208 799 5264 εἶναι
823 5217 899 5276 είς
926 5210 1048 5267 λαὸν
1077 5215 1149 5285 τῷ
1179 5215 1315 5285 Θεῷ,
1344 5214 1433 5270 καὶ
1457 5219 1614 5272 αὑτὸν
1639 5223 1814 5288 αὐτοῖς

253 5307 349 5366 εις
387 5301 546 5362 Θεὸν,
597 5301 838 5370 οὐδαμῶς
880 5300 968 5354 ὑπ’
994 5303 1329 5375 ἀνθρωπίνης
1356 5306 1691 5373 διδασκαλίας
1723 5313 1812 5365 ἐπὶ

250 5394 325 5448 τὺ
349 5389 647 5461 γινώσκειν
665 5389 753 5442 τὸν
777 5386 972 5461 Κύριον
997 5395 1471 5464 παραγινομένους,
1495 5399 1812 5470 αὐτομθεῖς

1916 4700 2048 4755 Dein
2082 4702 2302 4769 subiicit
2346 4702 2530 4757 dicens
2560 4704 2675 4772 ipse
2708 4704 2984 4765 Dominus,
3017 4705 3158 4770 quod
3196 4712 3314 4772 post
3339 4703 3455 4758 dies

1914 4791 2034 4844 illos
2084 4791 2140 4843 in
2187 4791 2490 4846 visceribus
2522 4807 2706 4846 eorum
2757 4794 2845 4861 qui
2901 4807 3096 4846 novum
3148 4793 3455 4859 acceperint

1913 4886 2310 4944 testamentum,
2340 4883 2483 4951 leges
2504 4894 2630 4936 suas
2674 4883 2891 4944 scribet,
2925 4889 2984 4935 ut
3010 4883 3119 4936 sint
3140 4882 3214 4935 illi
3257 4881 3364 4936 Deo
3399 4883 3452 4936 in

1913 4971 2188 5040 populum,
2219 4971 2436 5040 ipseque
2475 4971 2580 5026 illis
2622 4973 2673 5026 in
2729 4972 2917 5033 Deam,
2970 4972 3190 5026 minime
3220 4972 3452 5026 humana

1915 5059 2154 5114 doctrina
2182 5061 2248 5114 ad
2275 5059 2482 5115 Domini
2503 5060 2778 5115 scientiam
2808 5061 3044 5122 adducti,
3077 5062 3170 5115 sed
3195 5062 3262 5114 ab
3289 5063 3452 5132 ipsis-

1917 5148 2158 5218 metipsis
2185 5149 2266 5204 vel
2306 5151 2485 5219 potius
2515 5167 2541 5201 a
2572 5149 2682 5205 Deo
2719 5150 2914 5209 edocti.
2955 5159 3075 5218 quae
3113 5151 3324 5218 quidem
3357 5167 3453 5206 no-

1917 5245 2028 5291 stro
2059 5244 2303 5307 tempore
2329 5239 2546 5307 impleta
2572 5239 2747 5308 quivis
2779 5239 2934 5291 facile
2967 5239 3248 5306 percipiet.
3289 5238 3456 5308 Quip-

1914 5334 1980 5389 pe
2011 5321 2192 5376 videre
2219 5331 2304 5377 est
2333 5325 2600 5394 quomodo
2634 5327 2688 5379 in
2722 5326 2931 5380 viscera
2977 5331 3032 5378 et
3064 5325 3231 5378 corda
3270 5340 3457 5380 eorum

1913 5413 2007 5481 qui
2036 5428 2132 5482 per
2155 5412 2427 5470 Christum
2459 5418 2515 5471 in
2559 5416 2722 5471 Deum
2761 5415 3014 5477 credunt,
3062 5428 3269 5467 novum
3295 5421 3462 5468 testa-

252 5484 308 5535 δ’
336 5482 558 5549 ὥσπερ,
604 5479 797 5548 μᾶλλον
834 5479 890 5535 δὲ
929 5483 1290 5547 θεοδιδάκτους
1331 5487 1638 5556 ἐσομένους,
1670 5491 1698 5545 ὅ
1726 5496 1815 5548 καὶ

1928 5479 2154 5554 mentum
2181 5500 2495 5574 Dominiq-ue
2527 5504 2675 5574 leges
2699 5503 2906 5570 scripta
2950 5501 3077 5563 sint,
3115 5501 3463 5569 perspicienti

253 5571 405 5626 αὐτὸ
453 5568 754 5640 καταμάθοι
794 5570 858 5623 ἄν
909 5590 990 5637 τις
1033 5573 1169 5629 κατὰ
1217 5575 1307 5630 τὸν
1359 5579 1589 5650 παρόντα
1631 5584 1818 5655 καιρὸν

1928 5587 2060 5646 inter
2100 5603 2201 5645 nos
2234 5568 2628 5649 multitudinem
2660 5568 3001 5662 privatorum
3035 5568 3325 5645 hominum
3370 5587 3470 5639 hac

340 5724 391 5760 ιο
437 5721 551 5776 Jer.
585 5734 732 5784 xxxi,
764 5722 940 5778 διοδι.
