3952 6388
234 388 259 441 1
280 393 384 445 169
956 414 961 421 ‘
1286 406 1571 465 Εσιοσιε
1609 407 1761 464 PRO]

1861 408 2075 467 BTICIE.
2114 441 2183 452 —-
2218 412 2343 470 LIB.
2379 414 2421 469 1.
3280 427 3412 481 H70

226 507 344 559 τῶν
382 509 680 581 ἑπικτητὴν
698 514 797 583 τὴν
829 514 920 567 τοῦ
974 515 1105 571 Θεοῦ
1161 521 1519 590 προσηγορίαν
1569 522 1761 591 ἐσχηκό

1889 522 1943 576 in
1979 524 2140 581 terris
2175 527 2324 584 visus
2371 533 2494 593 est;
2532 545 2550 580 ι
2602 531 2823 596 scilicet,
2874 542 2932 589 ut
2983 545 3211 602 constat,
3266 552 3411 609 post-

228 610 364 647 των.
395 613 414 644 ι
449 596 600 650 Μετὰ
625 599 775 651 τοῦτο
815 600 890 663 δὲ,
948 604 1124 671 φησὶν,
1166 605 1254 656 ἐπὶ
1295 606 1389 673 τῆς
1439 606 1540 675 γῆς
1572 607 1743 675 ὢφθτγ

1886 627 2046 681 quam
2083 617 2255 670 omnis
2283 617 2553 688 Evangelii
2594 619 2679 673 via
2708 637 2801 690 per
2829 624 2995 693 legem
3025 634 3078 680 et
3124 596 3411 697 prophetas

227 682 392 751 δῆλον
425 687 510 738 ὅτι
550 688 684 756 μετὰ
711 690 769 741 τὸ
793 691 881 743 διά
919 693 1077 761 νόμου
1111 695 1201 746 καὶ
1240 698 1525 765 προφητῶν
1555 698 1649 767 τήν
1685 701 1761 751 πᾶ

1887 707 2065 768 aperta
2096 708 2197 756 est.
2234 720 2252 755 ι
2288 682 2573 758 Adinvenit
2628 682 2801 769 enim,
2852 682 2946 773 ait,
2998 682 3239 767 omnem.
3270 717 3410 771 viam

228 789 333 825 σαν
381 776 503 828 ὁδὸν
546 778 642 845 τῆς
674 780 990 847 ἐπαγγελίας
1016 782 1313 837 δεδωκέναι⁸
1359 804 1377 833 ι
1401 786 1612 856 ἐξεῦρεν
1642 788 1746 857 γὰρ

1885 791 2199 859 disciplina),
2249 800 2304 847 et
2352 794 2571 849 tradidit
2627 796 2770 851 illam
2816 796 2980 853 Jacob
3008 816 3172 869 puero
3198 820 3317 868 suo,
3356 813 3410 860 et

228 864 390 930 φησὶ,
465 869 642 919 πᾶσαν
702 870 818 921 ὁδὸν
879 874 1197 941 ἐπιστήμης,
1240 875 1330 925 καὶ
1355 875 1541 928 ἔδωκε»
1621 877 1761 947 αὑτὴη

1884 876 2047 931 Israel
2091 879 2286 935 dilecto
2334 896 2470 946 suo;
2507 902 2524 932 ι
2578 883 2720 946 dein,
2759 902 2776 935 ι
2833 894 2952 954 post
3008 864 3119 944 inec
3154 892 3206 946 in
3251 864 3410 949 terris

238 951 553 1021 Ἰακὼϐτῴ
592 956 734 1008 παιδὶ
770 959 952 1022 αὐτοῦ,
992 962 1083 1012 καὶ
1122 962 1328 1031 Ἰσραὴλ
1359 962 1433 1030 τῷ
1454 964 1761 1032 ἠγαπημένη

1884 966 2032 1021 visus
2063 975 2168 1033 est,
2191 977 2246 1023 et
2271 984 2389 1025 cum
2417 970 2720 1027 hominibus
2749 986 3091 1034 conversatus
3123 990 3225 1036 est.
3264 1000 3284 1034 ι

227 1038 322 1090 ὑπ’
349 1040 543 1093 αὑτοῦ·
578 1039 694 1096 εἶτα
732 1063 750 1095 ι
795 1046 927 1113 μετὰ
965 1046 1119 1099 τοῦτο
1145 1049 1236 1099 ἐπὶ
1259 1049 1353 1117 τῆς
1380 1050 1481 1116 γῆς
1496 1048 1666 1119 ὢερθη,
1695 1053 1786 1103 καὶ

224 1130 345 1190 τοῖς
381 1130 686 1200 ἀνθρώποις
718 1138 1135 1206 συνανεστράφη.
1170 1155 1188 1188 ι

753 1225 1136 1277 ΚΕΦΑΛΑΙΟΝ
1188 1227 1277 1279 Μ’.

721 1313 857 1366 Ἀπὸ
880 1315 982 1367 τοῦ
1020 1315 1310 1380 Ἰεζεκιήλ.

308 1414 331 1447 ι
374 1399 525 1452 Ἀντλ⁵
543 1399 727 1455 τούτου
743 1403 863 1455 τάδε
879 1404 1020 1471 λέγει
1044 1405 1240 1474 Κύριος
1260 1423 1273 1435 ·
1311 1408 1458 1471 Ἰδοὺ,
1487 1409 1595 1476 ἐγὼ
1619 1413 1781 1481 κρίνω

220 1483 511 1553 άναμέσον
542 1488 806 1557 προϐάτου
851 1492 1063 1561 ἰσχυροῦ
1096 1495 1187 1546 καὶ
1217 1496 1481 1565 ἁναμέσον
1515 1500 1780 1567 προϐάτου

221 1574 523 1639 ἀσθενοῦς.
559 1578 678 1631 Ἐπὶ
703 1582 819 1641 ταῖς
847 1581 1096 1651 πλευραῖς
1122 1584 1212 1636 καὶ
1245 1588 1353 1647 τοῖς
1384 1586 1548 1656 ὠμοις
1575 1589 1779 1642 διωθεῖ-

220 1659 346 1723 σθε,
370 1664 471 1715 καὶ
500 1667 609 1726 τοῖς
627 1665 843 1735 κέρασιν
860 1669 1007 1738 ὑμῶν
1027 1673 1379 1741 ὲκερατίζετεο
1403 1676 1506 1727 πᾶν
1532 1677 1592 1729 τὸ
1615 1677 1761 1730 ὲκλεῐ

1875 1669 2073 1723 vestris
2095 1670 2435 1723 ventilabatis
2459 1671 2636 1724 omnia
2669 1671 2876 1725 infirma
2900 1687 3112 1742 pecora,
3145 1676 3314 1731 donec
3335 1678 3410 1731 di-

219 1767 330 1804 πον
366 1744 700 1822 ἐξεθλίψατε.
728 1758 833 1809 Καὶ
846 1757 999 1810 σώσω
1012 1758 1076 1811 τά
1099 1761 1341 1830 πρόϐατά
1364 1781 1482 1832 μου,
1508 1767 1599 1817 καὶ
1618 1767 1675 1818 οὐ
1705 1766 1761 1835 μὶ

1875 1766 2249 1828 spergerentur
2271 1759 2449 1814 foras:
2491 1762 2704 1814 salvabo
2741 1777 2951 1831 gregem
2992 1779 3190 1828 meum,
3221 1773 3406 1824 etnon

215 1832 361 1892 ὦσιν
396 1842 481 1893 ἔτι
534 1846 611 1905 είς
652 1847 950 1916 προνομὴν,
986 1848 1077 1900 καὶ
1116 1850 1283 1919 κρινῶ
1326 1853 1587 1922 άναμέσον
1628 1856 1761 1925 κριοὶ

1879 1847 1981 1900 erit
2008 1848 2143 1899 ultra
2176 1847 2229 1900 in
2257 1849 2520 1917 rapinam,
2547 1849 2869 1917 etjudicabo
2890 1850 3027 1904 inter
3058 1866 3220 1919 pecus
3244 1861 3294 1906 et
3317 1869 3409 1921 pe-

220 1929 364 1998 πρὸς
407 1931 586 1999 κριόν·
630 1934 721 1986 καὶ
762 1936 1042 2005 ἀναστήσω
1083 1939 1259 2001 αὐτοῖς
1310 1942 1533 2010 ποιμένα
1571 1944 1750 2013 ἕτερον

1881 1949 1995 1988 cus.
2033 1935 2094 1988 Et
2126 1937 2398 1991 suscitabo
2441 1952 2603 2007 super
2653 1953 2746 1992 eos
2801 1946 3069 2007 pastorem
3101 1957 3284 2006 unum,
3314 1944 3405 2011 qui

219 2018 318 2069 καὶ
352 2020 688 2091 ποιμανεί[ς]
725 2023 946 2087 αὐτοὺς,
993 2026 1082 2078 τὸν
1125 2026 1305 2080 δοῦλόν
1345 2046 1444 2098 μου
1485 2030 1659 2092 Δαυῖδ,
1689 2034 1761 2085 κα

1878 2031 2189 2093 pascateos,
2221 2041 2431 2080 servum
2462 2042 2636 2080 meum
2672 2026 2869 2081 David:
2905 2028 3017 2097 ipse
3064 2040 3246 2097 pascet
3289 2048 3403 2095 eos,

219 2106 376 2159 ἔσται
412 2109 594 2161 αὐτῶν
616 2111 831 2180 ποιμὴν.
864 2114 955 2165 καὶ
988 2113 1174 2183 ἔσομαι
1203 2118 1379 2180 αὐτοῖς
1399 2120 1476 2182 είς
1504 2119 1649 2185 Θεὸν,
1685 2126 1761 2174 κα¹

1877 2122 1931 2168 et
1977 2114 2089 2183 ipse
2118 2116 2220 2169 erit
2259 2116 2337 2169 eis
2371 2116 2422 2168 in
2462 2123 2751 2187 pastorem.
2783 2116 2893 2187 Ego
2937 2127 3112 2173 autem
3152 2118 3405 2176 Dominus

218 2194 388 2246 Δαυῒδ
416 2197 604 2266 ἄρχων
637 2202 692 2251 ὲν
722 2201 868 2270 μέσῳ
904 2202 1099 2253 αὐτῶν*
1131 2203 1238 2271 ἐγὼ
1266 2206 1467 2276 Κύριος
1488 2208 1753 2279 λελάληκα

1876 2219 1969 2258 ero
2000 2205 2079 2259 eis
2116 2205 2169 2258 in
2220 2204 2388 2258 Deum
2415 2223 2428 2259 :
2460 2212 2512 2260 et
2539 2220 2725 2261 servus
2759 2223 2908 2261 meus
2946 2207 3109 2262 David
3158 2212 3405 2281 princeps

218 2284 330 2336 Καὶ
374 2285 700 2356 διαθήσομαι
739 2288 814 2358 τῷ
855 2291 1010 2342 Δαυῖδ
1055 2292 1313 2365 διαθήκην
1344 2299 1551 2367 καινὴν,
1595 2298 1761 2367 διαθή-

1876 2295 1929 2347 in
1954 2293 2129 2347 medio
2151 2310 2334 2348 eorum
2366 2310 2500 2365 :ego
2532 2296 2788 2351 Dominus
2821 2297 3029 2352 locutus
3054 2314 3191 2355 sum.
3226 2300 3287 2353 Et
3323 2302 3403 2355 fa-

218 2389 322 2441 κην
352 2375 600 2443 εἰρήνης.
628 2395 645 2425 ι
693 2377 838 2430 Ἐπεὶ
875 2381 967 2431 καὶ
1018 2381 1074 2432 ὲν
1109 2381 1281 2445 ἄλλοις
1324 2385 1410 2437 τὸν
1455 2388 1779 2456 προφητευό-

221 2477 383 2528 μενον
407 2462 573 2515 Δαυῖδ
598 2465 693 2516 οὐκ
730 2465 881 2517 ἄλλον
914 2468 1221 2537 ἀποδίδομεν
1250 2473 1343 2524 τοῦ
1383 2474 1445 2525 ἐκ
1477 2476 1778 2545 σπέρματος

215 2549 382 2601 Δαυῖδ
417 2552 778 2620 γεγενημένου
822 2554 1066 2622 Σωτῆρος
1094 2556 1264 2625 ἡμῶν,
1307 2559 1490 2612 τούτου
1527 2560 1590 2631 δὴ
1621 2562 1776 2630 χάριν

217 2637 312 2687 καὶ
338 2635 532 2687 ἐνθάδε
561 2637 655 2705 τὴν
672 2639 967 2708 περικοπὴν
992 2642 1460 2713 ἐπεσημηνάμεθα·
1481 2647 1561 2708 τίς
1584 2649 1687 2717 γὰρ
1709 2648 1773 2702 ἂν

216 2721 376 2784 ἄλλος
402 2724 493 2792 εἴη
515 2725 543 2775 6
568 2725 864 2793 ποιμαίνειν
896 2726 1097 2795 μέλλων
1126 2731 1194 2783 τὰ
1212 2733 1300 2784 τοῦ
1316 2735 1516 2804 Κυρίου
1534 2736 1761 2806 πρόϐατα

1871 2748 1989 2788 mus
2020 2735 2212 2789 locum.
2250 2735 2383 2800 Quis
2424 2738 2565 2791 enim
2598 2738 2736 2793 alius
2774 2747 2915 2794 esset
2958 2739 3165 2795 Domini
3212 2758 3402 2811 perora

220 2813 361 2879 μετὰ
396 2813 463 2865 τὸ
498 2814 742 2883 κριθῆναι
777 2820 911 2873 αὐτὰ
944 2822 1031 2873 ὑπ’
1072 2824 1267 2886 αὑτοῦ,
1301 2826 1332 2894 ἢ
1363 2828 1391 2878 6
1433 2827 1586 2895 μόνος
1614 2829 1761 2893 καλὸς

1861 2822 2199 2891 judicaturus
2242 2833 2616 2901 pasturusque,
2650 2828 2753 2881 nisi
2808 2830 2958 2883 solus
2985 2831 3157 2886 bonus
3187 2830 3398 2897 Pastor,

218 2902 449 2971 πιιμὴν,
479 2905 507 2955 6
548 2904 622 2973 μή
666 2908 927 2977 ὑπεριδὼν
963 2911 1289 2982 διωθούμενα
1328 2916 1418 2968 καὶ
1462 2915 1761 2987 διολλύμενα

1869 2911 1958 2979 qui
1985 2925 2089 2964 non
2122 2916 2443 2982 contempsit
2475 2915 2716 2984 dispersa
2740 2925 2791 2973 et
2821 2919 3027 2987 perdita
3051 2920 3118 2974 ab
3151 2921 3402 2976 adversa-

219 2988 325 3041 ὑπὸ
359 2991 477 3042 τῶν
507 2992 883 3062 ἀντικειμένων
910 2997 1183 3066 δυνάμεων
1204 3000 1269 3052 τὰ
1294 3001 1481 3068 λογικά
1512 3003 1608 3071 τῆς
1638 3007 1761 3070 ἰδίας

1867 2999 1964 3052 riis
1995 3002 2345 3068 potestatibus
2376 3004 2674 3071 spiritualia
2700 3008 2904 3074 proprii
2938 3008 3105 3078 ipsius
3132 3010 3287 3064 ovilis
3311 3027 3403 3077 pc-

215 3078 386 3131 αύτοῦ
423 3080 655 3149 ποίμνης
683 3084 941 3150 πρόϐατα,
972 3087 1102 3140 ἀλλὰ
1133 3089 1240 3152 θεὶς
1264 3091 1357 3159 τὴν
1390 3093 1575 3144 ἑαυτοῦ
1597 3094 1761 3166 ψυχὴν

1867 3098 2014 3147 cora,
2043 3087 2135 3139 sed
2168 3089 2395 3141 animam
2438 3106 2587 3144 suam
2632 3108 2728 3161 pro
2764 3109 2947 3148 eorum
2983 3098 3153 3152 salute
3184 3100 3399 3167 posuit;

218 3167 363 3235 ὑπὲρ
390 3171 494 3238 τῆς
526 3170 699 3222 αὐτῶν
741 3175 1028 3242 σωτηρίας,
1067 3170 1140 3228 ὧν
1184 3179 1409 3248 ἄρχοντα
1440 3183 1468 3232 ὁ
1502 3182 1631 3242 Θεὸς
1676 3185 1761 3236 καὶ

1867 3186 2133 3240 quemque
2165 3172 2306 3229 Deus
2337 3183 2389 3229 et
2430 3176 2585 3230 Pater
2607 3180 2724 3246 ejus
2754 3182 3047 3248 principem
3077 3199 3259 3239 eorum
3279 3195 3401 3254 post

217 3255 416 3325 Πατὴρ
462 3256 624 3309 αὐτοῦ
672 3264 1025 3331 καταστήσειν
1074 3266 1453 3332 ἐπαγγέλλεται
1498 3269 1632 3338 μετὰ
1682 3272 1761 3324 τδι

1863 3260 2053 3329 judicii
2082 3271 2288 3331 tempus
2322 3267 2629 3329 constituet,
2678 3268 2911 3323 initurus
2958 3286 3079 3324 cum
3137 3288 3202 3326 eo
3254 3276 3400 3342 pacis

215 3344 462 3414 κρίσεως
480 3347 683 3415 καιρὸν.
705 3349 1082 3420 διαθησόμενος
1099 3355 1243 3424 αὐτῷ
1264 3356 1520 3427 διαθήκην
1533 3360 1761 3428 εἰρήνης,

1870 3359 2106 3416 pactum,
2131 3365 2251 3405 cum
2296 3355 2527 3409 subditis
2559 3356 2659 3424 ipsi
2690 3358 2922 3412 inimicis
2955 3361 3090 3425 suis,
3132 3370 3399 3429 postrema

214 3430 328 3492 ὅτε,
355 3432 732 3498 ὑποταγέντων
766 3436 910 3505 αὐτῷ
942 3438 1048 3492 τῶν
1077 3441 1166 3510 exe
1176 3443 1300 3511 ρῶν,
1322 3444 1539 3513 ἔσχατος
1560 3447 1761 3500 πάντωε.

1867 3439 2102 3491 omnium
2127 3448 2287 3509 atque
2326 3442 2539 3507 rationi,
2570 3452 2621 3498 et
2666 3447 2958 3514 sapientiae,
2981 3456 3033 3502 et
3067 3449 3184 3503 vitae
3210 3451 3398 3506 adver-

219 3521 315 3573 καὶ
348 3520 516 3584 αὐτὸς
536 3522 563 3573 6
596 3522 688 3576 νῦν
718 3526 1082 3594 ἀντικείμενος
1110 3530 1184 3599 τῷ
1221 3532 1359 3602 λόγῳ
1398 3536 1489 3587 καὶ
1518 3538 1582 3606 τῇ
1617 3537 1771 3606 σοφίᾳ
1867 3539 1926 3579 sa
1958 3541 2102 3582 mors
2131 3528 2429 3583 ἀθιθινὶιυῐῖ

218 3608 313 3660 καὶ
343 3612 412 3680 τῇ
453 3610 564 3681 ζωῇ
595 3611 819 3678 θάνατος
849 3617 1345 3688 καταργηθήσεται;

722 3719 1109 3773 ΚΕΦΑΛΑΙΟΝ
1147 3722 1280 3775 MA'.

835 3808 942 3861 Τοῦ
968 3811 1171 3864 αὑτοῦ.

2456 1228 2678 1284 CAPUT
2716 1230 2825 1286 XL.

2417 1315 2499 1367 Ea:
2563 1316 2842 1371 Ezechiele.

1954 1420 1973 1450 ι
2015 1399 2137 1456 Haec
2177 1410 2367 1457 contra
2400 1404 2530 1457 dicit
2574 1404 2871 1461 Dominus:
2915 1406 3051 1463 Ecce
3101 1423 3199 1479 ego
3226 1410 3408 1478 judico

1878 1490 2018 1547 inter
2068 1507 2231 1561 pecus
2278 1495 2471 1562 pingue
2499 1504 2551 1547 et
2585 1510 2745 1564 pecus
2796 1498 3136 1552 macilenlum
3170 1519 3182 1553 :
3215 1516 3312 1570 pro
3343 1515 3408 1557 eo

1876 1580 2016 1648 quod
2044 1580 2302 1634 lateribus
2325 1593 2375 1634 et
2402 1581 2639 1635 humeris
2672 1582 3060 1651 impingebatis,
3082 1595 3134 1638 et
3154 1587 3409 1644 cornibus

1874 2382 2010 2436 ciam
2038 2397 2158 2435 cum
2192 2382 2354 2437 David
2390 2391 2600 2453 pactum
2630 2400 2845 2447 novum,
2879 2397 3087 2455 pactum
3112 2389 3337 2457 pacis".
3379 2409 3398 2441 ι

1871 2466 1987 2521 Jam
2024 2470 2148 2523 alibi
2208 2472 2507 2523 nuntiatum
2536 2473 2826 2540 prophetiis
2874 2473 3035 2526 David
3077 2491 3184 2529 non
3239 2477 3402 2531 alium

1873 2570 1991 2609 esse
2019 2557 2351 2611 ostendimus
2384 2573 2447 2611 ac
2477 2574 2506 2612 e
2535 2562 2734 2614 semine
2765 2559 2925 2613 David
2956 2568 3130 2614 ortum
3163 2562 3405 2616 Salvatna

1871 2659 1981 2698 rem
2012 2652 2290 2710 nostrum;
2326 2646 2411 2700 hic
2439 2664 2653 2716 quoque
2682 2649 2746 2703 de
2783 2650 2966 2704 eodem
3010 2651 3151 2705 hunc
3201 2653 3401 2721 accipi-

2464 3722 2686 3778 CAPUT
2711 3724 2841 3780 XLI.

2479 3811 2563 3867 Ex
2583 3816 2778 3870 eodem.

296 3912 316 3944 ι
352 3893 493 3945 Τάδε
529 3893 670 3960 λέγει
704 3894 932 3965 Κύριος,
971 3898 1096 3951 Ἰδοὺ
1118 3937 1132 3960 ,
1166 3898 1273 3966 ἐγὼ
1315 3900 1566 3970 λαμϐάνω
1596 3903 1766 3958 πάντα

214 3977 368 4034 οἶκον
430 3982 639 4052 Ἰσραήλ
668 3985 731 4035 ἐκ
773 3984 935 4054 μέσου
986 3987 1091 4039 τῶν
1121 3987 1303 4051 ὲθνῶν,
1354 3985 1413 4043 οὗ
1459 3992 1767 4062 εἰσήλθοσαν

213 4071 359 4130 ἐκεῖ,
393 4071 486 4121 καὶ
514 4072 721 4137 συνάξω
759 4074 952 4137 αὐτοὺς
998 4078 1075 4137 είς
1108 4077 1205 4145 τὴν
1244 4078 1344 4146 γῆν
1373 4078 1463 4131 τοῦ
1512 4081 1720 4151 Ἰσραὴλ
1746 4121 1762 4146 ,

214 4157 315 4210 καὶ
346 4155 504 4209 δώσω
528 4160 717 4223 αὐτοὺς
736 4164 815 4224 εἰς
849 4162 971 4233 ἔθνη
1012 4167 1069 4216 ἐν
1109 4168 1172 4234 τῇ
1206 4169 1272 4235 γῇ
1303 4184 1422 4236 μου,
1457 4170 1545 4222 καὶ
1572 4172 1629 4223 ὲν
1658 4173 1764 4233 τοῖς

211 4248 407 4317 δρεσιν
440 4247 646 4316 Ἰσραήλ
691 4254 781 4303 καὶ
815 4253 994 4322 ἄρχων
1033 4250 1113 4317 εἷς
1145 4255 1291 4308 ἔσται
1323 4258 1518 4321 αὐτῶν,
1551 4262 1640 4313 καὶ
1667 4262 1763 4315 οὐκ

211 4336 436 4388 ἔσονται
467 4336 645 4388 οὐκέτι
673 4342 749 4401 είς
788 4341 880 4393 δύο
910 4342 1055 4413 ἔθνη·
1089 4345 1197 4397 οὐδ’
1231 4348 1292 4399 οὐ
1326 4347 1397 4417 μὴ
1429 4348 1763 4418 διαιρεθῶσιν

212 4426 297 4488 είς
324 4426 423 4478 δύο
450 4424 740 4494 βασιλείας.
763 4429 847 4481 ἵνα
874 4432 945 4500 μὴ
972 4433 1368 4500 μιαίνωνταιέτι
1392 4440 1449 4490 ὲν
1471 4442 1579 4502 τοῖς
1610 4441 1761 4494 είδὼ-

1939 3917 1957 3949 ι
2001 3898 2122 3954 Haec
2152 3900 2285 3955 dicit
2337 3902 2593 3960 Dominus
2621 3925 2633 3959 :
2664 3904 2800 3960 Ecce
2832 3921 2929 3975 ego
2958 3921 3225 3962 assumam
3279 3923 3396 3963 om-

1863 4006 1982 4044 nem
2027 3992 2243 4045 domum
2287 3992 2447 4048 Israel
2493 3995 2558 4049 de
2604 3997 2778 4049 medio
2827 3999 3122 4060 nationum,
3154 3997 3221 4051 ad
3259 4014 3394 4067 quas

1862 4082 2142 4136 abierunt:
2191 4092 2246 4138 et
2280 4086 2614 4155 congregabo
2667 4103 2760 4142 eos
2798 4088 3030 4157 undique
3080 4089 3135 4141 in
3196 4100 3393 4144 terram

1862 4168 2045 4236 Israel,
2069 4179 2122 4226 et
2152 4171 2340 4225 faciam
2371 4188 2465 4229 eos
2516 4175 2569 4227 in
2612 4185 2821 4244 gentem
2856 4192 3012 4230 uuam
3042 4177 3093 4230 in
3117 4185 3255 4230 terra
3276 4192 3393 4231 mea

1861 4268 1914 4313 et
1942 4260 1993 4312 in
2023 4263 2292 4318 montibus
2314 4262 2499 4328 Israel,
2534 4273 2587 4321 et
2615 4283 2702 4321 rex
2725 4284 2865 4322 unus
2891 4270 2994 4324 erit
3021 4269 3273 4323 omnibus
3295 4270 3394 4323 im-

1861 4364 2054 4417 perans
2090 4371 2102 4405 :
2138 4360 2191 4406 et
2218 4369 2325 4408 non
2368 4364 2525 4409 erunt
2564 4357 2701 4410 ultra
2753 4358 2871 4412 duas
2918 4367 3126 4428 gentes,
3175 4375 3273 4413 nec
3311 4359 3395 4413 di-

1862 4441 2111 4494 videntur
2167 4443 2396 4512 amplius
2441 4446 2494 4499 in
2543 4447 2651 4499 duo
2695 4463 2877 4516 regna.
2916 4447 3096 4517 Neque
3154 4449 3393 4516 polluen-

212 4514 327 4578 λοις
345 4515 548 4569 αὐτῶν*
577 4517 668 4568 καὶ
701 4517 928 4587 ῥύσομαι
948 4522 1138 4585 αὐτοὺς
1165 4525 1270 4578 ἀπὸ
1304 4527 1487 4579 πασῶν
1512 4529 1619 4583 τῶν
1641 4531 1761 4583 άνο-

1862 4534 1946 4579 tur
1975 4529 2115 4580 ultra
2160 4530 2215 4582 in
2256 4509 2417 4586 idolis
2452 4533 2603 4587 suis:
2642 4541 2695 4588 et
2727 4536 2904 4589 salvos
2951 4551 3043 4591 eos
3101 4534 3291 4589 faciam
3327 4535 3393 4589 de

215 4603 357 4673 μιῶν
381 4598 674 4665 αὐτῶν,ὦν
695 4606 933 4675 ἥμαρτον
957 4608 1015 4677 (f.
1048 4609 1134 4676 58)
1165 4614 1220 4664 ὲν
1244 4615 1446 4678 αὐταῖς,
1475 4619 1566 4671 καὶ
1597 4619 1759 4671 καθα-

1862 4613 2129 4670 universis
2152 4617 2388 4683 sedibus,
2409 4619 2463 4672 in
2496 4621 2690 4688 quibus
2727 4632 3104 4689 peccaverunt,
3122 4629 3175 4676 et
3203 4637 3394 4674 emun-

217 4692 319 4760 ριῶ
358 4694 556 4755 αὐτοὺς
608 4694 717 4746 άπὸ
756 4696 939 4750 πασῶν
982 4698 1087 4750 τῶν
1133 4702 1405 4772 ἁμαρτιῶν
1449 4706 1643 4774 αὐτῶν,
1683 4704 1758 4765 ὧν

1861 4700 1996 4754 dabo
2025 4715 2118 4755 eos
2155 4722 2167 4756 :
2202 4711 2255 4758 et
2300 4714 2460 4759 erunt
2511 4708 2639 4759 mihi
2691 4709 2941 4780 populus,
2975 4716 3027 4760 et
3063 4723 3162 4778 ego
3190 4722 3282 4760 ero
3310 4708 3391 4761 eis

212 4781 460 4853 ἥμαρτον
492 4785 548 4835 ὲν
581 4786 796 4850 αὐταῖς,
828 4788 920 4839 καὶ
950 4789 1187 4858 καθαριῶ
1230 4795 1439 4858 αὐτοὺς,
1483 4799 1573 4850 καὶ
1609 4798 1755 4852 ἔσον-

212 4872 300 4923 ταί
329 4890 422 4943 μοι
450 4875 530 4934 είς
560 4873 702 4938 λαὸν,
749 4877 841 4928 καὶ
872 4876 980 4944 ἐγὼ
1013 4878 1210 4948 Κύριος
1237 4881 1427 4952 ἔσομαι
1459 4887 1635 4950 αὐτοῖς
1676 4892 1753 4953 είς

214 4960 362 5015 Θεόν.
400 4965 509 5016 Καὶ
538 4964 760 5027 ὁδοῦλός
796 4983 894 5034 μου
921 4967 1080 5020 Δαυῖδ
1111 4970 1287 5039 ἄρχων
1316 4975 1374 5024 ὲν
1401 4974 1545 5043 μέσῳ
1579 4979 1751 5032 αὐτῶν

213 5048 363 5105 εσται
394 5054 596 5123 ποιμὴν
643 5049 723 5117 εἷς
769 5056 977 5110 πάντων
1001 5098 1015 5122 ,
1047 5060 1125 5114 ὅτι
1157 5064 1211 5115 ἐν
1245 5066 1355 5124 τοῖς
1381 5065 1750 5134 προστάγμασι

218 5154 316 5207 μου
344 5144 710 5213 πορεύσονται,
742 5146 833 5199 καὶ
852 5147 917 5200 τά
944 5150 1181 5219 κρίματά
1203 5169 1301 5221 μου
1324 5153 1638 5219 φυλάξουσιν
1659 5159 1749 5212 καὶ

214 5230 523 5299 ποιήσουσιν
550 5233 705 5295 αὐτὰ,
738 5236 830 5288 καὶ
856 5242 1257 5309 κατοικήσουσιν
1286 5243 1374 5293 ἐπὶ
1402 5243 1497 5310 τῆς
1519 5242 1618 5311 γῆς
1640 5284 1652 5303 ,
1683 5246 1747 5315 ἢν

216 5318 323 5385 ἐγὼ
344 5321 550 5375 δέδωκα
575 5323 650 5392 τῷ
665 5324 830 5395 δούλῳ
853 5344 953 5397 μου
988 5329 1193 5392 Ἰακὼϐ,
1223 5326 1282 5384 οὗ
1308 5330 1621 5399 κατῴκησαν
1635 5333 1749 5385 ἐκεῖ

214 5409 261 5460 οἱ
294 5412 525 5483 πατέρες
556 5415 752 5478 αὐτῶν,
797 5418 890 5469 καὶ
922 5422 1325 5489 κατοικήσουσιν
1352 5423 1438 5472 ἐπ’
1470 5422 1630 5491 αὐτῆς
1651 5424 1745 5477 αύ-

215 5497 291 5548 τοί
316 5514 331 5529 ·
378 5502 470 5553 καί⁵
511 5501 669 5554 Δαυῒδ
714 5505 741 5554 6
780 5503 957 5567 δοῦλός
992 5523 1088 5575 μου
1129 5508 1309 5577 ἄρχων
1344 5507 1519 5560 αὐτῶν
1549 5511 1623 5571 εἰς
1657 5512 1745 5562 τὸν

215 5579 394 5641 αἰῶνα.
425 5591 535 5645 Καὶ
558 5589 882 5660 διαθήσομαι
900 5594 1079 5659 αὐτοῖς
1099 5596 1359 5667 διαθήκην
1383 5597 1615 5667 εἰρήνης,
1651 5600 1744 5652 καὶ

281 5696 321 5728 ’³
346 5696 538 5754 Ezech.
565 5713 745 5765 xxxiv,
776 5700 957 5758 20-25.

1860 4788 2015 4844 Deus.
2042 4791 2104 4845 Et
2131 4808 2319 4848 servus
2344 4810 2493 4848 meus
2516 4795 2677 4848 David
2697 4811 2786 4849 rex
2816 4811 2976 4864 super
2996 4812 3108 4859 eos,
3127 4805 3178 4850 et
3206 4805 3391 4869 pastor

1859 4897 1995 4934 unus
2038 4883 2140 4934 erit
2167 4884 2405 4935 omnium
2436 4900 2618 4938 eorum
2653 4903 2666 4938 :
2703 4887 2755 4938 in
2789 4886 3005 4953 judiciis
3031 4887 3390 4957 meisambu-

1856 4973 2059 5030 labunt,
2092 4978 2145 5024 et
2176 4974 2424 5025 mandata
2458 4988 2574 5026 mea
2616 4975 2936 5042 custodierit,
2973 4984 3026 5030 et
3061 4977 3262 5033 facient
3302 4994 3386 5036 ea.

1856 5060 1917 5113 Et
1946 5062 2263 5114 habitabant
2294 5078 2454 5132 super
2484 5072 2707 5127 terram,
2755 5081 2912 5133 quam
2937 5065 3059 5120 dedi
3082 5083 3240 5122 servo
3268 5086 3389 5125 meo

1852 5149 2035 5214 Jacob,
2064 5152 2118 5203 in
2142 5168 2243 5220 qua
2277 5154 2644 5208 habitaverunt
2675 5164 2853 5225 patres
2879 5158 3038 5211 vestri
3062 5176 3077 5212 :
3101 5168 3153 5213 et
3176 5159 3387 5215 habita-

1854 5243 1984 5295 buut
2014 5257 2171 5311 super
2199 5260 2315 5297 eam
2345 5244 2467 5313 ipsi,
2492 5253 2541 5300 et
2586 5247 2678 5299 lilii
2699 5263 2905 5311 eorum,
2947 5258 2999 5303 et
3030 5251 3122 5303 lilii
3152 5252 3384 5306 filiorum

1851 5344 2056 5392 eurum,
2096 5346 2264 5399 usque
2299 5333 2351 5385 in
2397 5336 2775 5401 sempiternum
2833 5356 2845 5390 :
2892 5348 2945 5391 et
2985 5338 3149 5393 David
3199 5356 3386 5396 servus

1852 5432 2001 5472 meus
2038 5418 2286 5489 princeps
2314 5435 2498 5474 eorum
2530 5420 2583 5472 in
2629 5432 2962 5491 perpetuum.
2994 5423 3059 5477 Et
3089 5427 3382 5495 percutiam

1853 5507 1956 5561 illis
2008 5508 2184 5566 fmdus
2234 5511 2405 5581 pacis,
2437 5518 2649 5581 pactum
2693 5517 3082 5585 sempiternum
3113 5519 3213 5574 erit
3242 5522 3321 5574 eis
3362 5538 3376 5573 :

1850 5607 1902 5655 et
1934 5599 2166 5658 fundabo
2187 5617 2299 5669 eos,
2322 5610 2374 5657 et
2402 5602 2790 5672 multiplicabo,
2818 5614 2869 5660 et
2910 5606 3047 5663 dabo
3068 5610 3351 5679 sanctiﬁcat
