3952 6388
1715 157 1746 180 ρ

198 403 357 459 1173

1258 400 1542 459 ECLOGA:
1582 400 2054 461 PROPIIETICE.
2093 437 2160 448 ——
2195 405 2319 460 LIB.
2361 406 2405 460 Ι.

3269 411 3413 466 ιιτι

198 515 487 584 βασιλέων
539 518 826 589 ἀναστήσει
862 519 890 570 6
929 517 1057 580 Θεὸς
1098 515 1191 568 τοῦ
1223 516 1446 586 οὐρανοῦ
1501 514 1769 585 βασιλείαν

1872 518 2083 571 illorum
2121 518 2402 574 suscitahit
2434 517 2576 575 Deus
2597 521 2716 574 coeli
2747 523 2969 578 alterum
3009 539 3251 594 regnum,
3276 524 3419 593 quod

197 607 408 677 ἄλλην,
430 609 656 678 ἥτιςείς
687 611 810 672 τοὺς
824 609 1019 672 αἰῶνας
1041 607 1188 660 ἔσται
1217 609 1310 660 καὶ
1334 608 1393 660 ού
1417 607 1770 676 φθαρήσεται,

198 698 314 749 καὶ
352 696 494 768 αὕτη
527 700 560 769 ἡ
588 699 824 768 βασιλεία
840 699 963 753 ἄλλο
991 699 1137 761 ἔθνος
1171 699 1229 750 οὺ
1269 696 1340 766 μὴ
1368 697 1522 768 ἐάσῃ,
1548 694 1773 759 πατάξει

196 785 267 837 δὲ
306 787 402 838 καὶ
433 788 682 856 ἀφανίσει
710 788 804 850 τὰς
829 788 1112 858 βασιλείας.
1146 788 1238 838 καὶ
1265 783 1398 854 αὑτὴ
1434 786 1682 853 στήσεται
1699 787 1776 846 είς

194 873 306 926 τὸν
333 876 528 938 αἰῶνα,
552 877 797 948 καθάπερ
823 877 1064 947 ἑώρακας
1084 876 1142 938 ἐξ
1167 876 1321 946 ὅρους
1342 874 1610 944 τμηθέντα
1635 872 1779 925 λίθον

195 965 346 1018 ἄνευ
365 967 584 1036 χειρῶν,
612 969 704 1020 καὶ
729 967 1016 1038 συνηλόησε
1040 967 1099 1018 τὸ
1120 966 1397 1035 ὄστρακον,
1422 964 1510 1015 τὸν
1533 963 1767 1032 σίδηρον,

198 1056 312 1107 καὶ
343 1057 438 1108 τὸν
472 1056 696 1126 χαλκὸν,
725 1057 930 1109 καὶτὸν
957 1057 1208 1126 ἄργυρον,
1245 1055 1336 1108 καὶ
1370 1056 1457 1106 τὸν
1496 1052 1711 1122 χρυσόν.
1755 1069 1773 1101 ι

197 1145 336 1198 Καὶ
354 1148 531 1201 ταῦτα
551 1150 676 1219 περὶ
707 1148 805 1216 τῆς
842 1149 932 1200 ἐπὶ
963 1147 1234 1214 συντελείᾳ
1264 1146 1370 1197 τῶν
1391 1143 1595 1197 αίώνων
1627 1161 1778 1216 γενη-

201 1237 464 1308 σομένης
493 1237 586 1290 τοῦ
620 1237 848 1308 Χριστοῦ
894 1237 1163 1306 βασιλείας
1202 1234 1466 1306 δηλοῦται·
1503 1235 1530 1285 6
1557 1234 1669 1302 ,γάρ
1698 1249 1780 1286 τοι

200 1325 393 1390 λίθος,
426 1330 454 1380 6
477 1327 534 1392 ἐξ
572 1329 726 1397 ὅρους
749 1326 972 1396 τμηθεὶς
1008 1328 1129 1380 ἄνευ
1166 1324 1379 1395 χειρῶν,
1410 1322 1670 1392 σύμϐολον
1704 1322 1770 1375 ἂν

198 1416 304 1485 εἴη
341 1416 439 1468 τοῦ
467 1417 637 1483 Λόγου
669 1416 759 1468 τοῦ
799 1416 930 1468 Θεοῦ
953 1455 966 1478 ,
997 1416 1088 1467 καὶ
1111 1418 1168 1466 ἐν
1204 1413 1383 1474 ἄλλαις
1427 1410 1778 1480 προφητείαις

196 1505 376 1558 λίθου
411 1505 961 1574 προσαγορευθέντος,
1000 1505 1072 1567 ὼς
1106 1505 1193 1556 ἐπὶ
1225 1501 1338 1564 τοῦ,
1374 1521 1392 1552 ι
1432 1501 1560 1552 Ἰδοὺ
1591 1499 1779 1568 τίθημι

193 1597 267 1648 ιν
311 1595 458 1648 Σιὼν
490 1596 630 1648 λίθον
659 1597 1038 1664 άκρογωνιαῖον
1073 1594 1319 1648 ἐκλεκτὸν
1354 1592 1582 1661 ἔντιμον·
1619 1610 1637 1640 ι
1667 1589 1778 1650 καὶ,

198 1705 221 1738 ε
265 1687 444 1739 Λίθον
464 1687 520 1739 ὃν
545 1687 942 1756 ἀπεδοκίμασαν
971 1687 1020 1738 οἱ
1049 1683 1466 1754 οἰκοδομοῦντες,
1485 1676 1634 1742 οὗτος
1660 1682 1780 1746 ἐγε-

1876 604 1930 656 in
1978 612 2233 658 aeternum
2281 607 2385 660 erit
2432 614 2486 661 et
2532 622 2638 661 non
2680 608 3048 678 dissipabitur,
3095 621 3148 667 et
3197 628 3422 682 regnum

1872 693 1992 756 eius
2021 695 2173 750 alteri
2201 697 2398 765 pepqu
2438 712 2544 750 non
2570 697 2810 752 tradetur
2835 720 2846 753 :
2877 703 3202 757 comminuet
3241 714 3418 758 autem

1876 793 1928 837 et
1975 795 2256 838 consumet
2294 786 2542 840 universa
2583 803 2744 857 regna
2793 788 2904 843 haec
2940 810 2952 844 :
2983 799 3036 845 et
3083 794 3257 862 ipsum
3303 803 3420 848 sta-

1877 874 1952 928 bit
2000 873 2053 928 in
2098 882 2354 928 aeternum
2392 893 2406 928 :
2443 878 2734 930 secundum
2763 879 2905 946 quod
2933 881 3134 945 vidisti,
3166 884 3308 952 quod
3351 885 3420 940 de

1877 971 2056 1018 monte
2108 965 2382 1020 abscissus
2413 973 2494 1018 est
2544 967 2677 1035 lapis
2724 969 2842 1022 sine
2888 970 3160 1035 manibus,
3193 981 3246 1027 et
3273 989 3420 1029 com-

1879 1053 2072 1106 minuit
2119 1061 2332 1115 testarn,
2369 1065 2419 1108 et
2454 1055 2674 1118 ferrum,
2705 1065 2757 1111 et
2804 1072 2898 1120 aes,
2927 1065 2980 1111 et
3026 1068 3325 1129 argentum,
3365 1071 3419 1118 et

1879 1154 2067 1193 aurum
2101 1141 2164 1192 “.
2193 1161 2211 1192 ι
2246 1141 2310 1194 Ει
2348 1143 2459 1196 hate
2492 1145 2557 1199 de
2580 1145 2778 1200 Christi
2813 1146 2865 1200 in
2903 1153 3419 1206 consummationem

1880 1233 2057 1286 saeculi
2088 1247 2250 1302 regno
2287 1234 2610 1288 referuntur.
2641 1235 2802 1305 Lapis
2823 1239 2964 1291 enim
2991 1238 3056 1293 de
3085 1250 3266 1295 monte
3301 1243 3422 1297 sine

1879 1321 2126 1375 manibus
2169 1323 2464 1389 abscissus,
2501 1325 2800 1394 symbolum
2833 1334 2978 1380 esset
3017 1326 3172 1382 Verbi
3208 1329 3320 1390 Dei,
3360 1338 3419 1384 ut

1881 1411 1934 1464 in
1983 1411 2101 1464 aliis
2139 1411 2440 1465 ostenditur
2488 1413 2782 1482 prophetiis
2825 1414 2911 1468 bis
2965 1416 3141 1471 verbis
3175 1437 3187 1470 :
3221 1436 3240 1467 ι
3285 1416 3420 1473 Ecce

1879 1514 1976 1570 ego
2006 1501 2211 1553 mittam
2264 1501 2318 1554 in
2362 1501 2723 1556 fundamentis
2780 1501 2908 1556 Sion
2957 1503 3182 1573 lapidem
3221 1505 3419 1574 proba-

1880 1597 2030 1652 tum,
2088 1591 2392 1659 angularem
2434 1593 2509 1657 “;
2553 1611 2569 1641 ι
2622 1602 2781 1662 atque
2828 1611 2842 1646 :
2896 1613 2913 1644 ι
2959 1593 3207 1663 Lapidem
3261 1614 3419 1667 quem

1883 1680 2299 1749 reprobaverunt
2344 1681 2688 1748 aediﬁcantes,
2723 1683 2810 1736 hic
2858 1682 3028 1739 factus
3059 1693 3141 1740 est
3177 1687 3229 1738 in
3259 1698 3420 1756 caput

191 1772 356 1841 νήθη
387 1775 467 1834 εἰς
499 1773 732 1842 κεφαλὴν
762 1774 977 1840 γωνίας.
1011 1792 1029 1824 ι
1056 1773 1248 1825 Τοῦτον
1276 1771 1366 1824 οὖν
1390 1788 1550 1840 φησιν
1582 1773 1610 1822 6
1643 1787 1769 1840 παρ-

1883 1770 2063 1840 anguli
2097 1773 2162 1822 “.
2202 1790 2219 1821 ι
2272 1771 2424 1827 Hunc
2461 1773 2601 1827 enim
2655 1774 2728 1826 ait
2777 1789 3012 1842 przesens
3057 1777 3206 1830 locus
3256 1793 3419 1845 regna

193 1858 288 1914 ὼν
326 1861 489 1928 λόγος
546 1862 644 1923 τὰς
701 1862 966 1930 βασιλείας
1005 1861 1096 1914 τοῦ
1124 1860 1324 1930 κόσμου
1354 1862 1447 1913 καὶ
1477 1861 1574 1923 τὰς
1608 1858 1769 1930 ἀρχὰς

1878 1861 2084 1925 mundi,
2130 1863 2485 1931 principatus,
2529 1870 2820 1931 potestates
2859 1871 2911 1917 et
2956 1864 3139 1918 mundi
3185 1875 3418 1921 rectores

198 1953 309 2005 καὶ
335 1952 440 2014 τὰς
463 1951 702 2016 ἐξουσίας
730 1953 822 2005 καὶ
869 1955 990 2015 τοὺς
1019 1953 1456 2023 κοσμοκράτορας
1481 1951 1769 2004 καθελόντα

1873 1959 2196 2006 evertentem
2228 1961 2280 2007 et
2313 1953 2600 2016 delentem,
2633 1961 2940 2008 sanctorum
2965 1971 3186 2025 regnum
3217 1956 3270 2010 in
3299 1972 3420 2026 per-

199 2045 308 2098 καὶ
342 2044 698 2114 συντρίψοντα
732 2043 974 2108 καθέξειν
1015 2044 1112 2112 τὴν
1143 2042 1250 2095 τῶν
1291 2043 1456 2110 ἁγίων
1502 2040 1770 2110 βασιλείαν

201 2137 295 2197 εις
335 2135 432 2187 τὸν
457 2135 646 2190 αίῶνα.

727 2243 1111 2296 ΚΕΦΑΛΑΙΟΝ
1148 2244 1278 2296 ΜΡ.

837 2353 942 2406 Τοῦ
969 2353 1172 2406 αὐτοῦ.

285 2458 755 2529 Ναϐουχοδονόσορ
780 2461 807 2511 6
829 2459 1071 2528 βασιλεὺς
1100 2459 1222 2520 τοὺς
1255 2457 1380 2528 περὶ
1406 2458 1494 2510 τὸν
1529 2457 1770 2510 Ἀνανίαν

203 2549 292 2610 είς
320 2546 426 2616 τὴν
459 2546 681 2614 κάμινον
717 2547 808 2599 τοῦ
841 2547 1007 2617 πυρὸς
1036 2544 1283 2616 ἐμϐαλὼν
1303 2585 1317 2609 ,
1340 2545 1412 2608 ὡς
1436 2545 1572 2613 ἔγνω
1608 2545 1769 2616 μηδὲν

202 2638 423 2698 αὐτοὺς
462 2636 564 2688 ὑπὸ
608 2635 699 2688 τοῦ
745 2637 910 2706 πυρὸς
947 2636 1326 2707 ἠδικημένους,
1373 2636 1640 2706 αὐτόπτης
1676 2636 1767 2689 τοῦ

204 2727 529 2798 παραδόξου
567 2729 866 2797 γενόμενος.
916 2730 1025 2790 τοῖς
1074 2728 1262 2780 ἑαυτοῦ
1307 2727 1477 2794 φίλοις
1538 2725 1770 2797 εἰρηκὼς

201 2818 649 2887 ἀναγέγραπται·
691 2838 708 2867 ι
738 2818 867 2887 Οὐχὶ
890 2821 1032 2888 τρεῖς
1049 2817 1240 2888 ἄνδρας
1262 2816 1520 2886 ἐδάλομεν
1544 2818 1598 2868 ἐν
1623 2816 1770 2886 μέσῳ

200 2909 306 2961 τοῦ
334 2907 544 2978 πυρός
580 2926 598 2958 ι
647 2908 1032 2976 συμφησάντων
1065 2906 1121 2958 δὲ
1165 2905 1358 2967 αὐτῶν,
1399 2923 1417 2955 ι
1468 2905 1593 2957 Ἰδοὺ
1641 2903 1767 2971 ἐγὼ,

201 2999 411 3068 φησὶν,
471 2996 579 3066 ὁρῶ
627 2997 818 3066 ἄνδρας
833 2997 1096 3065 τέσσαρας
1129 2995 1462 3064 λελυμένους,
1498 2995 1590 3046 καὶ
1617 3010 1768 3063 περι-

201 3086 533 3148 πατοῦντας
566 3087 620 3138 ἐν
643 3085 719 3153 τῷ
748 3085 908 3155 πεδρὶ,
940 3084 1030 3136 καὶ
1063 3082 1233 3153 φθορὰ
1269 3083 1489 3152 οὐδεμία
1529 3083 1672 3134 ἐστὶν
1713 3084 1768 3133 ἐν

1876 2049 2094 2111 petuum
2131 2054 2517 2111 occupaturum
2548 2057 2689 2097 esse.

2429 2213 2652 2268 CAPUT
2707 2214 2883 2270 XLIII.

2487 2323 2568 2377 Ea:
2600 2326 2796 2379 eodem.

1943 2433 2437 2491 Nabuchodonosor
2469 2421 2580 2498 rei,
2612 2436 2869 2502 conjectis
2894 2437 2946 2489 in
2974 2436 3242 2493 fornacem
3279 2441 3417 2511 ignis

1874 2527 2079 2582 Anania
2117 2528 2340 2597 ejusque
2383 2527 2567 2587 sociis,
2601 2543 2724 2581 cum
2763 2531 3112 2598 comperisset
3163 2546 3257 2585 eos
3299 2533 3419 2602 igne

1874 2615 2092 2679 illaesos,
2126 2617 2345 2686 ipseque
2374 2617 2618 2669 miraculi
2644 2609 2799 2671 testis
2826 2633 2946 2672 esse
2969 2619 3250 2684 voluisset,
3284 2621 3420 2674 ami-

1874 2707 1954 2762 cis
2001 2706 2116 2762 suis
2170 2705 2373 2760 dixisse
2418 2708 2590 2760 t'ertur
2624 2726 2638 2761 :
2676 2728 2694 2758 (
2729 2707 2916 2761 Nonne
2968 2716 3079 2764 tres
3131 2710 3275 2763 viros
3319 2712 3420 2764 mi-

1875 2797 2043 2852 simus
2088 2797 2144 2851 in
2178 2797 2408 2850 medium
2451 2797 2590 2868 ignis
2621 2798 2952 2868 compeditos
2985 2801 3070 2852 “?
3107 2819 3124 2851 ι
3161 2801 3258 2853 Cui
3295 2817 3416 2855 cum

1874 2887 1963 2942 isti
2005 2887 2422 2956 respondissent,
2471 2903 2594 2942 vere
2616 2889 2716 2943 hoc
2748 2903 2901 2954 esse,
2937 2907 2955 2938 ι
2980 2889 3116 2944 Ecce
3143 2905 3263 2959 ego,
3321 2894 3416 2955 ait,

1882 2979 2036 3032 video
2059 2985 2288 3047 quatuor
2319 2980 2465 3033 viros
2493 2979 2695 3034 solutos
2719 2986 2772 3032 et
2793 2979 3126 3035 ambulantes
3157 2981 3208 3034 in
3245 2982 3418 3036 medio

1873 3069 2034 3138 ignis,
2053 3079 2105 3122 et
2134 3069 2264 3122 nihil
2287 3070 2647 3138 corruptionis
2665 3070 2720 3123 in
2733 3072 2812 3125 eis
2826 3081 2930 3136 est,
2945 3081 2998 3127 et
3014 3073 3220 3141 species
3239 3076 3415 3141 quarti

199 3181 428 3240 αὐτοῖς,
452 3177 592 3244 καὶή
614 3177 798 3245 ὅρασις
812 3175 902 3227 τοῦ
926 3175 1178 3243 τετάρτου
1197 3174 1442 3242 ὁμοίωμα
1455 3172 1566 3224 υἱοῦ
1581 3170 1733 3223 Θεοῦο
1749 3190 1766 3220 ι

1876 3159 2067 3212 similis
2095 3157 2232 3212 Filio
2256 3157 2348 3212 Dei
2379 3161 2444 3211 ⁸⁷.
2477 3177 2494 3209 ι
2531 3158 2826 3214 Hebraicus
2853 3168 3031 3216 textus
3059 3181 3079 3212 ι
3109 3164 3416 3218 similitudi-

197 3268 483 3328 ὡσαύτως
506 3265 562 3316 δὲ
591 3266 683 3317 καὶ
712 3265 771 3316 τὸ
804 3263 1078 3334 Ἐὁραῖκὸν
1107 3281 1123 3312 ι
1147 3262 1388 3331 ὁμοίωμα
1427 3260 1567 3313 Ὕίοῦ
1593 3259 1724 3312 Θεοῦ
1755 3279 1774 3309 ο

205 3358 509 3430 περιέχει,
561 3356 651 3406 καὶ
689 3356 735 3406 οἱ
770 3353 941 3406 λοιποὶ
980 3354 1034 3406 δέ
1071 3353 1269 3422 ὁμοίως
1299 3349 1647 3404 ἑκδεδώκασιν
1692 3349 1781 3418 ἐρ-

206 3443 514 3517 μηνευταί”
534 3442 718 3494 τούτου
741 3443 802 3512 δὴ
824 3439 912 3496 οὖν
941 3439 1551 3511 ἓνεκαζὲσημειωσάμεθα
1581 3439 1667 3492 τὸν
1697 3438 1780 3490 τό-

205 3555 341 3599 πον,
377 3535 458 3595 ὡς
482 3535 573 3585 καὶ
601 3532 841 3586 ἐντεῦθεν
864 3533 1256 3602 σημαινομένης
1283 3532 1382 3602 τῆς
1413 3531 1502 3584 τοῦ
1530 3531 1658 3584 Υἱοῦ
1681 3529 1775 3582 τοῦ

202 3626 354 3682 Θεοῦ
387 3624 772 3696 προσηγορίας.

720 3737 1105 3790 ΚΕΦΑΛΑῘΟΝ
1144 3738 1270 3789 ΜΔ⁹⁹

854 3849 961 3903 Τοῦ
986 3847 1190 3903 αὐτοῦ.

297 3968 396 4021 Ἑν
428 3968 537 4027 τοῖς
560 3963 822 4034 δράμασιν
846 3963 874 4014 6
895 3961 1087 4032 Δανιὴλ
1117 3977 1296 4030 φησιν’
1331 3978 1350 4010 ι
1399 3958 1690 4029 Ἐθεώρουν
1717 3959 1774 4011 ἐν

200 4055 571 4128 δράματιτῆς
595 4053 803 4117 νυκτὸς,
829 4053 920 4105 καὶ
943 4052 1070 4114 ἰδοὺ,
1097 4051 1186 4104 ἐπὶ
1208 4049 1313 4102 τῶν
1337 4049 1567 4118 νεφελῶν
1582 4047 1672 4101 τοῦ
1687 4050 1774 4101 ού-

207 4144 391 4218 ρανοῦ
424 4142 497 4206 ὼς
520 4145 642 4206 Υἱὸς
674 4143 951 4215 ἀνθρώπου
981 4143 1264 4214 ἐρχόμενος
1295 4141 1387 4192 καὶ
1416 4140 1518 4202 ἕως
1545 4138 1636 4192 τοῦ
1664 4139 1773 4191 Πα-

202 4232 376 4289 λαιοῦ
412 4229 519 4281 τῶν
548 4231 758 4300 ἡμερῶν
793 4231 986 4299 ἔφθασε
1012 4271 1026 4293 ,
1071 4230 1164 4282 καὶ
1205 4226 1542 4298 προσηνέχθη
1583 4226 1727 4296 αύτῷ
1754 4265 1768 4290 ,

205 4326 311 4380 καὶ
342 4319 504 4388 ἐδόθη
533 4319 673 4388 αὐτῷ
700 4321 732 4389 ἠ
755 4320 964 4383 ἐξουσία
997 4321 1135 4389 καὶὴ
1157 4319 1286 4389 τιμὴ
1319 4319 1413 4370 καὶ
1437 4319 1468 4387 ἡ
1504 4316 1763 4386 βασιλεία·

206 4418 310 4472 καὶ
356 4412 562 4472 πάντες
608 4412 656 4462 οἱ
701 4411 818 4462 λαοὶ
838 4451 853 4473 ,
885 4410 1078 4479 φυλαὶ,
1128 4411 1364 4478 γλῶσσαι
1402 4409 1767 4462 δουλεύσουσιν

1880 3263 1998 3302 nem
2023 3246 2142 3300 Filii
2173 3245 2264 3300 Dei
2290 3268 2307 3298 ›
2328 3247 2446 3312 fert,
2471 3249 2666 3317 aliique
2691 3249 2935 3304 similiter
2952 3253 3232 3307 ediderunt
3251 3255 3416 3308 inter-

1879 3343 2073 3405 pretes.
2108 3336 2313 3390 Idcirco
2364 3337 2503 3391 hunc
2535 3339 2840 3394 notavimus
2868 3340 3066 3406 locum,
3099 3351 3283 3412 utpote
3327 3344 3418 3397 hic

1879 3425 2155 3496 designata
2194 3424 2315 3480 Filii
2353 3425 2446 3481 Dei
2479 3427 2930 3484 denominatione.

2415 3727 2637 3783 CAPUT
2678 3726 2857 3781 XLIV.

2456 3838 2538 3892 Ea:
2569 3840 2762 3893 eodem.

1941 3949 1998 4005 ln
2041 3950 2336 4008 visionibus
2389 3952 2570 4007 Daniel
2629 3953 2758 4006 dicit
2814 3970 2828 4006 :
2893 3971 2912 4002 ι
2954 3951 3294 4022 Aspiciebam
3355 3955 3413 4012 in

1870 4041 2077 4096 visione
2115 4041 2324 4106 noctis,
2363 4049 2416 4096 et
2467 4056 2596 4096 ecce
2635 4057 2756 4096 cum
2817 4042 3051 4098 nubibus
3086 4044 3207 4097 σαιῐὶ
3253 4047 3409 4113 quasi

1869 4128 2036 4185 Filius
2067 4131 2296 4185 hominis
2321 4131 2586 4195 veniebat,
2613 4140 2666 4185 et
2685 4147 2856 4200 usque
2887 4134 2952 4187 ad
2980 4132 3270 4201 Antiquom
3297 4135 3413 4190 die-

1869 4234 1986 4273 rum
2029 4222 2269 4288 pervenit
2332 4240 2343 4274 :
2396 4230 2450 4276 et
2493 4223 2546 4276 in
2596 4209 2885 4292 conspectu
2937 4225 3055 4290 ejus
3099 4222 3412 4279 obtulerunt

1865 4327 2007 4366 eum.
2028 4312 2092 4364 Et
2111 4311 2255 4366 dedit
2275 4313 2320 4364 ei
2347 4320 2684 4381 potestatem,
2706 4324 2757 4368 et
2780 4313 3060 4375 honorem,
3079 4319 3130 4367 et
3151 4327 3405 4382 regnum:

1864 4409 1918 4456 et
1946 4418 2131 4456 omnes
2161 4404 2360 4471 populi,
2412 4405 2606 4464 tribus,
2649 4413 2702 4458 et
2747 4405 2940 4474 linguae
2973 4405 3072 4474 ipsi
3125 4406 3360 4458 servient
3393 4424 3405 4458 :

206 4505 390 4574 αὐτῷ’
410 4505 443 4570 ἡ
475 4498 686 4564 ἐξουσία
707 4499 890 4561 αὐτοῦ,
909 4501 1121 4564 ἐξουσία
1142 4500 1370 4562 αἰώνιος,
1393 4501 1514 4570 ἥτις
1538 4501 1596 4553 ού
1628 4517 1768 4570 παρ-

1872 4500 2108 4560 potestas
2131 4492 2270 4559 ejus,
2305 4499 2542 4559 potestas
2567 4500 2794 4558 aeterna,
2811 4509 2930 4561 quae
2956 4509 3060 4546 non
3090 4493 3362 4562 auferetur
3391 4514 3404 4546 :

208 4597 505 4652 ελεύσεται
522 4608 535 4620 ·
568 4592 659 4644 καὶ
686 4593 719 4661 ή
759 4589 998 4657 βασιλεία
1022 4591 1180 4642 αὐτοῦ
1207 4592 1264 4643 οὐ
1288 4592 1758 4662 διαφθαρήσεται.»

209 4685 446 4757 Συνᾴδει
478 4679 647 4734 ταῦτα
674 4683 738 4748 τῇ
773 4679 863 4732 τοῦ
898 4679 1055 4732 αὐτοῦ
1081 4681 1265 4746 Δανιὴλ
1302 4682 1598 4751 προφητεία
1636 4697 1764 4751 προ-

211 4768 555 4840 θεσπιζούσῃ
580 4769 704 4838 περὶ
726 4768 822 4837 τῆς
843 4766 932 4820 τοῦ
954 4767 1182 4836 Χριστοῦ
1215 4768 1477 4836 βασιλείας
1509 4771 1646 4823 κατὰ
1673 4770 1762 4822 τὸν

211 4865 366 4918 λίθον
395 4861 487 4914 τὸν
507 4857 887 4927 ἀποτμηθέντα
912 4858 970 4921 ἐξ
994 4859 1148 4928 ὅρους
1170 4861 1294 4913 ἄνευ
1325 4861 1531 4931 χειρῶν·
1549 4864 1632 4925 τίς
1657 4862 1762 4931 γὰρ

213 4956 284 5009 ἂν
314 4952 514 5016 ἄλλος,
555 4951 582 5002 6
629 4948 704 5010 ὼς
736 4949 860 5010 Υἱὸς
900 4947 1177 5016 ἀνθρώπου
1214 4950 1496 5019 ἐρχόμενος
1538 4950 1626 5004 ἐπί
1658 4951 1762 5004 τῶν

213 5043 482 5114 νεφελῶν,
505 5040 598 5092 καὶ
629 5041 730 5103 ἕως
765 5040 857 5092 τοῦ
889 5038 1120 5093 Παλαιοῦ
1157 5039 1262 5092 τῶν
1286 5041 1502 5110 ἡμερῶν
1530 5041 1758 5109 φθάνων,

214 5133 300 5201 εἴη
357 5130 393 5199 ἢ
441 5129 472 5180 6
526 5126 692 5179 είπὼν
742 5125 943 5196 Κύριος
1002 5124 1155 5195 ἡμῶν
1199 5125 1398 5194 Ἰησοῦς
1444 5126 1691 5196 Χριστὸς,
1733 5128 1763 5178 6

213 5221 281 5272 δι’
309 5218 467 5288 ἡμᾶς
507 5215 716 5286 μορφὴν
743 5213 925 5266 δούλου
963 5212 1137 5265 λαϐὼν
1157 5253 1170 5276 ,
1211 5215 1300 5265 καὶ
1333 5213 1443 5274 υἱὸς
1479 5213 1754 5283 ἀνθρώπου

215 5308 530 5376 γενόμενος,
569 5321 586 5353 ι
632 5303 731 5354 -Ἐκ
763 5301 852 5353 τοῦ
885 5301 1090 5371 Πατρός
1118 5301 1351 5371 ἐξῆλθον,
1387 5301 1478 5353 καὶ⁸
1508 5303 1639 5372 πρὸς
1669 5304 1757 5355 τὸν

215 5398 348 5452 Θεὸν
393 5396 618 5460 ὑπάγω;
651 5412 667 5443 ι
703 5391 760 5455 ὃς
794 5394 885 5445 καὶ
921 5393 1190 5461 παρόντων
1222 5392 1326 5445 τῶν
1358 5391 1546 5449 ἑαυτοῦ
1582 5393 1752 5461 μαθη-

214 5487 345 5551 τῶν,
383 5505 403 5536 ‹
427 5484 725 5554 βλεπόντων
750 5483 942 5545 αὐτῶν,
975 5481 1201 5552 ἐπήρθη,
1237 5482 1326 5534 καὶ
1349 5481 1545 5552 νεφέλη
1563 5481 1756 5533 ὑπέλα-

287 5642 336 5673 ”
369 5639 510 5692 Dan.
551 5651 611 5694 ιι.
648 5634 736 5694 Η,
767 5633 852 5685 45.
963 5631 1009 5662 ’δ
1047 5629 1148 5684 Isa.
1179 5645 1370 5692 xxvm,
1412 5629 1495 5683 l6.

218 5726 329 5775 vn,
383 5707 483 5770 I3,
538 5704 622 5756 Η.
695 5703 738 5733 ’⁸
777 5700 929 5754 Joan.
955 5715 1072 5765 XIII,
1096 5701 1146 5753 3.
1222 5703 1264 5733 ”
1291 5699 1410 5756 Act.
1447 5716 1484 5765 ι,
1517 5705 1562 5755 9.

1603 5632 1644 5661 ”
1676 5629 1811 5685 I‘sal,
1845 5645 2009 5686 cxvn.
2031 5629 2119 5682 22.

1867 4588 1921 4634 et
1954 4595 2174 4648 regnum
2213 4581 2330 4648 ejus
2359 4582 2500 4650 quod
2543 4597 2651 4636 non
2684 4591 3058 4651 corrumpetur
3089 4585 3178 4636 ³⁷⁸.
3213 4603 3230 4634 ι
3268 4583 3408 4637 Con-

1867 4669 2104 4723 sentiunt
2145 4670 2255 4723 haec
2285 4685 2406 4723 cum
2441 4670 2680 4738 ejusdem
2730 4669 2964 4724 Danielis
3015 4670 3291 4738 prophetia
3341 4669 3408 4723 de

1866 4759 2062 4813 Christi
2094 4774 2259 4826 regno
2287 4761 2677 4828 prtenuntiante
2712 4775 2805 4827 per
2845 4758 3072 4826 lapidem
3114 4759 3180 4812 de
3225 4765 3406 4812 monte

1866 4849 1980 4902 sine
2035 4850 2282 4902 manibus
2336 4848 2658 4902 abscissum.
2696 4847 2828 4912 Quis
2869 4848 3010 4901 enim
3060 4846 3220 4912 alius,
3249 4846 3402 4916 quasi

1865 4938 2031 4992 Filius
2061 4937 2296 4992 hominis
2319 4951 2439 4991 cum
2469 4937 2704 4991 nubibus
2731 4935 2852 4989 cceli
2882 4935 3125 4996 veniens,
3151 4943 3204 4986 et
3233 4949 3404 5004 usque

1865 5031 1930 5083 ad
1949 5028 2235 5096 Antiquum
2257 5027 2462 5080 dierum
2489 5026 2808 5095 perveniens
2830 5034 2991 5083 esset,
3017 5024 3120 5076 nisi
3144 5021 3408 5104 Dominus.

1865 5130 2046 5176 noster
2075 5120 2233 5175 Jesus
2265 5119 2533 5180 Christus,
2585 5129 2802 5187 pr0pter
2831 5131 2932 5171 nos
2989 5115 3211 5169 formam
3262 5115 3400 5169 servi

1862 5211 2149 5279 accipiens,
2184 5217 2242 5264 et
2277 5209 2417 5263 illius
2464 5209 2696 5261 hominis
2731 5205 2903 5260 factus
2937 5206 3227 5274 dicensque
3258 5224 3270 5258 :
3310 5223 3328 5254 ι
3359 5206 3401 5256 Α

1863 5302 1970 5355 Deo
2021 5301 2160 5354 exivi
2204 5307 2257 5354 et
2293 5298 2356 5352 ad
2407 5296 2572 5349 Deum
2619 5296 2754 5349 vado
2786 5296 2914 5346 '8?»
2959 5295 3062 5360 Qui
3115 5303 3169 5350 et
3221 5309 3399 5348 coram

1859 5388 2137 5459 discipulis
2175 5388 2288 5442 suis
2325 5405 2337 5440 :
2379 5405 2397 5436 ι
2437 5385 2756 5439 Violentibus
2790 5383 2917 5446 illis,
2950 5385 3188 5438 elevatus
3222 5394 3322 5445 est,
3350 5391 3401 5433 et

1859 5480 2030 5534 nubes
2079 5476 2314 5546 suscepit
2357 5491 2478 5529 eum
2510 5477 2576 5529 ’°.
2620 5473 2924 5543 [Cumque
2974 5475 3401 5528 intuerenturin

2230 5630 2273 5659 “
2301 5627 2432 5681 Dan.
2469 5624 2668 5710 III,‘9I.
2745 5624 2787 5655 "'
2821 5622 2948 5678 ibid.
3002 5625 3088 5678 92.
3165 5625 3229 5656 ’τ’
3265 5621 3398 5679 Dan.
