3952 6378
194 398 342 454 "73
1246 393 1530 453 ECLOGA‘I
1570 393 2042 454 PROPIIETICE.
2079 429 2147 440 —-
2183 397 2306 452 LIB.
2349 397 2393 452 Ι.
3257 401 3401 456 ιιτι

193 511 476 580 βασιλέων
528 514 814 584 ἀναστήσει
850 514 878 566 ὁ
916 512 1046 575 Θεὸς
1087 509 1179 563 τοῦ
1211 509 1435 581 οὐρανοῦ
1489 508 1756 578 βασιλείαν

1865 511 2071 564 illorum
2109 510 2390 566 suscitabit
2422 509 2564 566 Deus
2585 512 2704 565 coeli
2735 514 2956 568 alterum
2997 529 3239 584 regnum,
3263 514 3407 583 quod

192 602 396 672 ἀλλην,
419 605 644 674 ἦτιςτίς
676 606 798 667 τοὺς
813 604 1008 666 αἰῶνας
1029 603 1177 654 ἔσται
1205 603 1298 654 καὶ
1323 603 1382 653 οὐ
1405 600 1758 670 φθαρήσεται,

1865 597 1919 649 ὶιι
1966 604 2222 650 aeternum
2270 599 2373 652 erit
2421 605 2475 652 et
2520 613 2627 652 non
2668 599 3036 669 dissipabitur,
3084 612 3136 657 et
3185 618 3410 672 regnum

193 693 297 744 καὶ
337 692 483 764 αὕτη
516 696 549 764 ἡ
577 694 812 764 βασιλεία
829 694 952 748 ἄλλο
979 693 1126 756 ἔθνος
1159 693 1218 744 οὺ
1257 690 1330 760 μὴ
1357 691 1511 761 ἐάσῃ,
1537 687 1761 752 πατάξει

1865 686 1980 748 eius
2010 687 2161 742 alteri
2189 689 2387 757 populo
2426 703 2532 741 non
2559 688 2834 744 tradetur:
2865 693 3190 747 comminuet
3230 704 3407 746 autem

191 781 253 832 δέ
289 783 391 834 καὶ
423 784 671 851 ἀφανίσει
699 784 793 845 τὰς
817 783 1101 853 βασιλείας,
1134 782 1226 832 καὶ
1253 777 1386 848 αὑτὴ
1423 780 1761 847 στήσεταιείς

1865 785 1917 829 et
1963 787 2244 830 consumet
2283 777 2531 832 universa
2571 793 2733 848 regna
2781 779 2892 834 haec
2929 800 2940 834 :
2971 790 3024 835 et
3072 784 3246 852 ipsum
3292 793 3408 838 sta-

189 869 291 922 τδν
317 871 518 935 αἰῶνα,
542 872 786 943 καθάπερ
811 872 1053 942 ἑώρακας
1073 870 1131 933 ἐξ
1156 870 1310 940 ὅρους
1330 868 1598 938 τμηθέντα
1624 866 1761 917 λίθον

1865 866 1942 920 bit
1989 865 2042 920 in
2087 875 2342 920 aeternum
2381 885 2394 920 :
2431 869 2722 921 secundum
2752 870 2894 937 quod
2923 871 3123 934 vidisti,
3155 873 3297 942 quod
3340 875 3409 930 de

190 961 332 1014 ἄνευ
352 963 573 1032 χειρῶν,
601 965 693 1015 καὶ
719 963 1004 1032 συνηλόησε
1029 962 1088 1012 τὸ
1109 960 1386 1029 ὄστρακον,
1411 958 1498 1009 τὸν
1523 957 1756 1026 σίδηρον,

1867 963 2046 1011 monte
2097 957 2370 1011 abscissus
2403 964 2484 1010 est
2533 958 2666 1026 lapis
2713 959 2830 1013 sine
2877 961 3149 1025 manibus,
3182 971 3234 1016 et
3263 979 3409 1018 com-

1868 1046 2062 1098 minuit
2109 1053 2321 1107 testam,
2358 1056 2409 1099 et
2443 1046 2663 1109 ferrum,
2695 1056 2747 1102 et
2793 1063 2888 1110 aes,
2915 1055 2969 1102 et
3016 1058 3314 1118 argentum,
3354 1061 3408 1107 et

1869 1147 2057 1186 aurum
2091 1133 2154 1184 ⁸³.
2182 1153 2201 1184 ι
2236 1133 2300 1186 Et
2338 1135 2448 1188 haec
2481 1136 2547 1190 de
2570 1136 2768 1190 Christi
2804 1137 2855 1190 in
2893 1143 3408 1196 consummationem

1870 1225 2047 1278 saeculi
2078 1239 2240 1293 regno
2277 1225 2600 1279 referuntur.
2630 1225 2792 1296 Lapis
2813 1229 2954 1281 enim
2980 1228 3046 1284 de
3075 1239 3256 1285 monte
3291 1232 3412 1286 sine

1869 1315 2116 1368 manibus
2159 1315 2454 1380 abscissus,
2491 1317 2790 1385 symbolum
2824 1325 2968 1371 esset
3007 1316 3162 1372 Verbi
3198 1319 3310 1380 Dei.
3350 1327 3409 1374 ut

1871 1404 1924 1456 in
1972 1403 2091 1456 aliis
2130 1403 2430 1457 ostenditur
2478 1404 2772 1473 prophetiis
2814 1404 2902 1458 his
2954 1406 3130 1461 verbis
3165 1427 3176 1460 :
3211 1426 3229 1457 ι
3275 1406 3410 1463 Ecce

1869 1507 1966 1562 ego
1996 1494 2202 1545 mittam
2255 1493 2308 1545 in
2352 1493 2713 1547 fundamentis
2770 1492 2898 1546 Sion
2947 1494 3172 1563 lapidem
3210 1495 3409 1564 proha-

193 1052 294 1103 καὶ
327 1052 427 1104 τὸν
462 1052 684 1122 χαλκὸν,
714 1052 919 1104 καὶτὸν
947 1052 1198 1120 ἄργυρον,
1235 1048 1325 1101 καὶ
1359 1050 1446 1100 τὸν
1485 1046 1700 1116 χρυσόν.
1745 1062 1762 1094 ι

192 1142 319 1194 Καὶ
339 1143 521 1196 ταῦτα
541 1145 665 1214 περὶ
696 1143 794 1211 τῆς
831 1143 921 1194 ἐπὶ
953 1141 1224 1208 συντελείᾳ
1254 1140 1360 1190 τῶν
1380 1137 1585 1191 αἰώνων
1616 1155 1767 1208 γενη-

195 1233 454 1304 σομένης
483 1232 576 1286 τοῦ
608 1232 838 1303 Χριστοῦ
884 1231 1152 1301 βασιλείας
1191 1227 1456 1300 δηλοῦταιο
1493 1229 1520 1279 ὁ
1546 1227 1658 1296 ¹γάρ
1687 1241 1769 1278 τοι

195 1321 382 1386 λίθος,
416 1325 444 1375 ό
467 1323 524 1388 ἐξ
563 1324 716 1392 δρους
740 1321 962 1392 τμηθεὶς
998 1322 1118 1374 ἄνευ
1155 1318 1369 1390 χειρῶν,
1400 1315 1660 1386 σύμϐολον
1694 1315 1759 1368 ἂν

192 1412 287 1481 εἴη
326 1411 429 1464 τοῦ
457 1412 627 1478 Λόγου
659 1411 749 1463 τοῦ
789 1411 920 1462 Θεοῦ
943 1449 957 1472 ,
987 1410 1078 1462 καὶ
1102 1412 1158 1461 ἐν
1194 1407 1373 1468 ἄλλαις
1418 1403 1768 1474 προφητείαις

191 1500 364 1553 λίθου
402 1501 952 1570 προσαγορευθέντος,
990 1501 1062 1561 ὡς
1096 1500 1184 1551 ἐπὶ
1216 1495 1329 1558 τοῦ,
1365 1515 1382 1546 ι
1422 1495 1550 1546 Ἰδοὺ
1581 1492 1769 1561 τίθημι

188 1593 255 1644 ἐν
295 1591 448 1644 Σιὼν
480 1591 621 1644 λίθον
650 1592 1028 1660 ἁκρογωνιαῖον
1063 1588 1310 1642 ἐκλεκτὸν
1345 1586 1573 1655 ἔντιμον·
1609 1603 1627 1634 ι
1658 1582 1761 1644 καὶ,

1871 1589 2021 1644 tum,
2079 1583 2383 1651 angularem
2425 1584 2500 1648 ἰς
2543 1602 2560 1632 ι
2612 1593 2772 1653 atque
2819 1602 2832 1638 :
2886 1603 2904 1634 ι
2949 1583 3197 1654 Lapidem
3251 1603 3409 1657 quem

193 1701 214 1733 ι
254 1683 434 1735 Λίθον
455 1683 512 1734 ὃν
535 1683 932 1750 ἀπεδοκίμασαν
962 1682 1011 1732 οί
1039 1677 1456 1748 οἰκοδομοῦντες,
1476 1670 1625 1736 οὗτος
1651 1675 1761 1740 ἐγε-

1873 1672 2290 1741 reprohaverunt
2334 1672 2679 1740 aedificantes,
2714 1674 2801 1727 hic
2849 1673 3019 1730 factus
3050 1683 3132 1730 est
3167 1676 3220 1728 in
3249 1687 3411 1746 caput

187 1768 343 1837 νήθη
377 1770 458 1830 εἰς
490 1768 723 1837 κεφαλὴν
753 1769 968 1835 γωνίας.
1002 1787 1020 1818 ι
1046 1767 1239 1819 Τοῦτον
1267 1764 1358 1818 οὖν
1381 1782 1542 1834 φησιν
1573 1766 1601 1816 ὁ
1633 1780 1761 1832 παρ-

1874 1763 2054 1832 anguli
2089 1765 2152 1814 ³⁵.
2193 1782 2210 1813 ι
2262 1763 2415 1818 Hunc
2452 1765 2592 1819 enim
2645 1765 2720 1818 ait
2769 1780 3003 1833 ρι’ῖεεειιε
3048 1767 3196 1820 locus
3247 1783 3410 1834 regna

189 1854 275 1910 ὼν
311 1857 480 1923 λόγος
537 1857 634 1918 τὰς
692 1857 958 1925 βασιλείας
996 1856 1087 1908 τοῦ
1115 1855 1315 1924 κόσμου
1346 1856 1438 1906 καὶ
1467 1854 1565 1916 τὰς
1599 1851 1761 1923 ἀρχὰς

1869 1853 2075 1918 mundi,
2121 1855 2476 1922 principatus,
2520 1861 2812 1922 potestates
2850 1861 2902 1908 et
2947 1854 3130 1908 ruundi
3176 1864 3409 1911 rectores

192 1949 296 2000 acati.
322 1948 431 2010 τὰς
454 1947 693 2012 ἐξουσίας
722 1948 814 2000 καὶ
860 1949 982 2009 τοὺς
1010 1947 1446 2017 κοσμοκράτορας
1473 1944 1760 1997 καθελόντα

193 2041 296 2093 καὶ⁵
330 2039 689 2109 συντρίψοντα
724 2038 965 2103 καθέξειν
1007 2038 1103 2106 τὴν
1135 2037 1240 2089 τῶν
1283 2037 1448 2103 ἁγίων
1494 2033 1760 2103 βασιλείαν

195 2133 282 2193 εις
323 2131 424 2183 τὸν
449 2130 638 2185 αίῶνα.

719 2237 1102 2291 ΚΕΦΑΛΑΙΟΝ
1140 2238 1270 2290 ΜΡ.

830 2348 935 2400 Τοῦ
961 2347 1164 2400 αὑτοῦ.

274 2453 747 2524 Ναϐουχοδονόσορ
772 2456 799 2506 ὁ
821 2454 1063 2523 βασιλεὺς
1092 2453 1215 2514 τοὺς
1249 2451 1372 2522 περὶ
1398 2451 1486 2504 τὸν
1521 2449 1762 2503 Ἀνανίαν

196 2545 281 2606 είς
310 2542 419 2612 τὴν
451 2542 674 2610 κάμινον
709 2542 801 2594 τοῦ
834 2541 1000 2611 πυρὸς
1028 2539 1275 2611 ἐμϐαλὼν
1296 2579 1309 2602 ,
1333 2539 1405 2602 ὼς
1429 2538 1565 2606 ἔγνω
1601 2539 1762 2609 μηδὲν

197 2633 416 2693 αὐτοὺς
454 2631 557 2683 ὑπὸ
601 2631 692 2683 τοῦ
737 2632 903 2700 πυρὸς
940 2630 1318 2701 ἠδικημένους,
1365 2630 1633 2699 αὐτόπτης
1669 2629 1760 2682 τοῦ

199 2723 522 2794 παραδόξου
559 2723 859 2792 γενόμενος.
909 2725 1017 2784 τοῖς
1067 2721 1255 2774 ἑαυτοῦ
1300 2720 1470 2788 φίλοις
1531 2718 1762 2790 εἰρηκὼς

195 2814 642 2882 ἀναγέγραπται·
684 2833 700 2862 ι
731 2813 860 2882 Οὖχὶ
883 2815 1025 2882 τρεῖς
1041 2812 1233 2882 ἄνδρας
1255 2810 1514 2880 ἐὸάλομεν
1537 2811 1592 2861 ἐν
1617 2809 1763 2880 μέσῳ

195 2905 296 2957 τοῦ
324 2903 538 2973 πυρός;
573 2921 591 2953 ι
640 2902 1025 2970 συμφησάντων
1059 2900 1114 2953 δέ
1159 2899 1352 2961 αὐτῶν,
1392 2917 1410 2949 ι
1461 2898 1586 2950 Ἰδοὺ
1635 2896 1760 2964 ἐγὼ,

195 2995 404 3064 φησὶν,
464 2991 572 3062 ὁρῶ
621 2992 812 3061 ἄνδρας
827 2991 1090 3059 τέσσαρας
1123 2989 1455 3058 λελυμένους,
1492 2987 1584 3040 καὶ
1610 3003 1762 3056 περι-

196 3082 527 3143 πατοῦντας
559 3083 614 3134 ἐν
636 3080 712 3147 τῷ
741 3080 901 3150 πμρὶ,
933 3078 1024 3131 καὶ
1057 3077 1226 3147 φθορὰ
1263 3077 1483 3146 οὐδεμία
1523 3077 1666 3127 ἐστὶν
1707 3077 1762 3126 ἐν

1864 1951 2188 1999 evertentem
2219 1953 2271 1999 et
2305 1945 2591 2007 delentem,
2624 1952 2931 1999 sanctorum
2957 1961 3177 2016 regnum
3209 1946 3261 1999 iu
3291 1961 3411 2016 pere

1867 2041 2086 2104 petuum
2122 2045 2508 2103 occupaturum
2539 2049 2680 2088 esse.

2421 2204 2644 2260 CAPUT
2699 2204 2875 2260 XLIII.

2480 2315 2560 2368 Ea:
2591 2317 2788 2370 eodem.

1936 2426 2430 2483 Nabuchodonosor
2462 2412 2572 2489 rei,
2604 2427 2862 2493 conjectis
2887 2428 2938 2479 iu
2965 2426 3235 2483 fornacem
3272 2431 3410 2500 ignis

1866 2519 2072 2574 Anania
2109 2521 2333 2589 ejusque
2375 2519 2560 2578 sociis,
2594 2534 2717 2572 cum
2755 2521 3105 2588 comperisset
3156 2535 3249 2575 eos
3291 2522 3412 2591 igne

1867 2607 2085 2671 illaesos,
2118 2609 2338 2678 ipseque
2367 2607 2611 2661 miraculi
2637 2600 2792 2662 testis
2819 2623 2939 2662 esse
2962 2609 3242 2674 voluisset,
3277 2610 3413 2663 ami-

1867 2700 1947 2754 cis
1993 2698 2108 2754 suis
2162 2697 2366 2752 dixisse
2411 2699 2582 2752 fertur
2617 2717 2631 2752 :
2669 2719 2687 2749 ‹
2722 2697 2909 2751 Nonne
2961 2707 3072 2753 tres
3124 2700 3268 2752 viros
3313 2702 3412 2753 mi-

1868 2791 2036 2844 simus
2081 2789 2137 2843 in
2170 2789 2401 2842 medium
2445 2788 2584 2859 ignis
2615 2789 2945 2858 compeditos
2978 2790 3063 2842 “?
3099 2809 3117 2842 ι
3155 2790 3251 2843 Cui
3288 2806 3410 2845 cum

1868 2879 1955 2935 isti
1999 2879 2416 2948 respondissent,
2465 2895 2588 2933 vere
2609 2880 2710 2933 hoc
2742 2894 2894 2944 esse,
2931 2898 2948 2929 ‹
2974 2879 3109 2934 Ecce
3137 2895 3256 2950 ego,
3314 2883 3410 2944 ait,

1876 2971 2029 3025 video
2052 2978 2282 3039 quatuor
2312 2971 2458 3024 viros
2487 2970 2689 3025 solutos
2713 2977 2765 3023 et
2787 2970 3119 3025 ambulantes
3150 2971 3201 3024 in
3239 2971 3412 3025 medio

1867 3061 2027 3131 ignis,
2046 3071 2099 3114 et
2128 3061 2257 3114 nihil
2281 3061 2641 3130 corruptionis
2659 3061 2713 3114 in
2727 3063 2805 3115 eis
2820 3071 2924 3127 est,
2938 3071 2992 3117 et
3008 3063 3213 3132 species
3233 3065 3409 3131 quarti

195 3177 423 3236 αὐτοῖς,
446 3172 538 3224 καὶ
554 3173 586 3239 ἡ
608 3171 791 3240 ὅρασις
806 3169 895 3221 τοῦ
919 3169 1172 3238 τετάρτου
1191 3167 1436 3236 ὁμοίωμα
1448 3165 1560 3217 υἱοῦ
1575 3163 1726 3216 Θεοῦ·
1742 3183 1759 3213 ι

1870 3151 2061 3205 similis
2089 3149 2225 3203 Filio
2251 3149 2342 3204 Dei
2372 3152 2438 3202 ".
2471 3169 2488 3201 ι
2525 3149 2820 3205 Hebraicus
2847 3158 3025 3206 textus
3053 3171 3072 3202 ι
3103 3154 3411 3208 similitudi-

191 3264 476 3323 ὡσαύτως
500 3261 555 3312 δέ
577 3237 678 3312 καὶ
705 3260 765 3311 τὸ
798 3257 1072 3328 Ἐϐραῖκὸν
1100 3275 1117 3306 ι
1140 3256 1383 3325 ὁμοίωμα
1421 3253 1561 3306 ’Υίοῦ
1587 3252 1718 3304 Θεοῦ
1749 3271 1761 3302 ι

1874 3255 1993 3294 nem
2017 3237 2136 3292 Filii
2167 3237 2259 3291 Dei
2284 3259 2301 3290 ι
2323 3238 2440 3302 fert,
2466 3239 2660 3308 aliique
2685 3239 2929 3295 similiter
2946 3243 3226 3296 ediderunt
3245 3243 3411 3298 inter-

199 3353 503 3426 περιέχει,
554 3351 644 3402 καὶ
683 3351 729 3400 0i
764 3349 935 3401 λοιποὶ
974 3348 1029 3400 δὲ
1065 3347 1263 3416 ὁμοίως
1293 3343 1640 3398 ἐκδεδώκασιν
1687 3343 1775 3412 ἐρ-

200 3439 508 3513 μηνευταί·
529 3437 712 3490 τούτου
735 3437 796 3506 δὴ
818 3433 907 3490 οὖν
936 3432 1546 3505 ἐνεκαζέσημειωσάμεθα
1575 3432 1662 3485 τὸν
1691 3431 1775 3483 τό·

199 3551 332 3595 πον,
369 3530 452 3590 ὡς
476 3530 568 3580 καὶ
595 3527 835 3581 ἐντεῦθεν
858 3527 1251 3596 σημαινομένης
1278 3526 1377 3596 τῆς
1407 3524 1497 3576 τοῦ
1526 3524 1652 3576 Υἱοῦ
1676 3522 1769 3575 τοῦ

197 3623 347 3678 Θεοῦ
381 3619 767 3691 προσηγορίας.

715 3731 1100 3784 ΚΕΦΑΛΑΙΟΝ
1139 3731 1265 3782 MA'.

849 3844 956 3898 Τοῦ
982 3841 1184 3898 αὐτοῦ.

290 3963 390 4016 Ἑν
423 3963 532 4022 τοῖς
556 3958 818 4029 δράμασιν
842 3958 869 4009 ὀ
891 3955 1082 4026 Δανιὴλ
1113 3971 1291 4024 φησιν·
1326 3971 1346 4004 ι
1394 3951 1685 4022 Ἐθεώρουν
1712 3952 1769 4004 ἐν

1873 3335 2066 3398 pretes.
2103 3327 2308 3382 Idcirco
2358 3329 2498 3382 hunc
2529 3329 2834 3384 notavimus
2862 3331 3060 3396 locum,
3093 3340 3277 3402 utpote
3321 3333 3413 3386 hic

1873 3417 2149 3488 designata
2189 3415 2309 3472 Filii
2348 3417 2441 3472 Dei
2474 3419 2924 3475 denominatiouc.

2410 3717 2632 3774 CAPUT
2673 3717 2852 3771 XLIV.

2452 3829 2533 3884 Ea;
2564 3830 2757 3884 eodem.

1937 3941 1993 3997 In
2037 3942 2332 3999 visionibus
2385 3943 2566 3998 Daniel
2625 3943 2754 3996 dicit
2809 3961 2823 3997 :
2889 3961 2907 3992 ι
2949 3941 3289 4012 Aspiciebam
3351 3945 3409 4002 in

195 4051 566 4124 ὁράμτιτῆς
591 4048 798 4112 νυκτὸς,
825 4047 915 4100 καὶ
938 4046 1065 4108 ἰδοὺ,
1092 4045 1181 4098 ἐπὶ
1203 4043 1309 4096 τῶν
1331 4042 1562 4111 νεφελῶν
1577 4040 1668 4094 τοῦ
1683 4043 1761 4094 οὐ·

1866 4033 2074 4088 visione
2111 4032 2320 4098 noctis,
2358 4041 2411 4087 et
2463 4047 2591 4086 ecce
2631 4047 2751 4086 cum
2813 4033 3046 4088 nubibus
3081 4033 3202 4087 omli
3247 4037 3404 4102 quasi

202 4140 387 4215 ρανοῦ
421 4137 492 4201 ὼς
514 4140 638 4201 Υἱὸς
669 4137 946 4210 ἀνθρώπου
976 4137 1259 4208 ἐρχόμενος
1291 4134 1382 4186 καὶ
1411 4133 1514 4195 ἕως
1541 4131 1632 4185 τοῦ
1660 4132 1768 4183 Πα-

197 4227 370 4286 λαιοῦ
409 4225 515 4276 τῶν
544 4225 754 4294 ἡμερῶν
789 4225 983 4294 ἑφθειιιτε
1007 4265 1022 4287 ,
1067 4224 1160 4276 καὶ
1201 4219 1538 4292 προσηνέχθη
1579 4219 1723 4288 αὑτῷ
1750 4258 1763 4282 ,

200 4322 305 4376 καὶ
337 4315 500 4383 ἐδόθη
529 4314 670 4382 αὐτῷ
696 4317 728 4384 ἠ
751 4315 960 4378 ἐξουσία
992 4315 1131 4383 καὶὴ
1153 4313 1283 4383 τιμὴ
1315 4312 1409 4364 καὶ
1433 4313 1464 4381 ἠ
1501 4310 1759 4380 βασιλεία·

201 4414 306 4468 καὶ
352 4407 558 4468 πάντες
605 4407 652 4456 οἱ
698 4405 814 4456 λαοὶ
835 4445 849 4468 ,
881 4405 1039 4473 φυλαὶ
1061 4445 1074 4468 ,
1124 4405 1360 4473 γλῶσσαι
1399 4402 1763 4455 δουλεύσουσιν

1865 4121 2032 4177 Filius
2063 4122 2291 4177 hominis
2317 4123 2582 4187 veniebat,
2609 4131 2661 4176 et
2681 4137 2852 4191 usque
2883 4124 2948 4177 ad
2975 4122 3264 4191 Antiquom
3292 4124 3409 4179 die-

1865 4226 1982 4265 rum
2026 4213 2265 4280 pervenit
2327 4231 2339 4264 :
2392 4221 2446 4266 et
2489 4213 2543 4266 in
2592 4200 2881 4282 conspectu
2932 4215 3051 4280 ejus
3095 4211 3408 4269 obtulerunt

1861 4319 2004 4358 eum.
2025 4303 2088 4356 Et
2107 4303 2251 4356 dedit
2271 4303 2316 4354 ei
2343 4311 2680 4372 potestatem,
2703 4315 2753 4358 et
2776 4303 3056 4365 honorem,
3075 4310 3126 4357 et
3148 4317 3402 4371 regnum:

1861 4401 1915 4448 et
1943 4410 2127 4447 omnes
2157 4395 2356 4462 populi,
2408 4395 2602 4456 tribus,
2646 4402 2699 4449 et
2743 4395 2937 4464 linguae
2970 4395 3069 4464 ipsi
3121 4395 3356 4448 servient
3389 4414 3402 4448 :

201 4501 386 4570 αὐτῷ·
406 4501 439 4566 ἠ
472 4493 683 4559 ἐξουσία
704 4493 886 4556 αὐτοῦ,
905 4495 1117 4558 ἐξουσία
1139 4495 1367 4557 αἰώνιος,
1389 4495 1510 4564 ἦτις
1534 4494 1593 4546 οὐ
1624 4509 1761 4563 παρ-

1867 4492 2104 4552 potestas
2128 4483 2266 4551 ejus,
2301 4490 2538 4551 potestas
2565 4491 2927 4551 aeterna,.quze
2953 4499 3056 4536 non
3087 4483 3358 4551 auferetur
3388 4503 3401 4535 :

202 4592 502 4648 ελεύσεται
519 4603 532 4616 ο
565 4587 656 4639 καὶ
683 4587 716 4656 ὴ
757 4585 994 4653 βασιλεία
1019 4585 1177 4637 αὐτοῦ
1203 4586 1260 4638 οὐ
1285 4585 1754 4655 διαφθαρήσεται..

203 4680 443 4752 Συνᾲδει
475 4675 645 4728 ταῦτα
671 4678 736 4744 τῇ
770 4674 860 4727 τοῦ
894 4673 1052 4726 αὐτοῦ
1078 4674 1262 4740 Δανιὴλ
1299 4674 1595 4743 προφητεία
1633 4690 1762 4743 προ-

205 4764 552 4836 θεσπιζούσῃ
577 4764 702 4833 περὶ
723 4763 819 4832 τῆς
841 4761 929 4814 τοῦ
951 4761 1179 4830 Χριστοῦ
1211 4762 1474 4830 βασιλείας
1506 4764 1642 4816 κατὰ
1669 4763 1758 4815 τὸν

205 4861 364 4915 λίθον
392 4857 485 4909 τὸν
505 4853 883 4922 ἁποτμηθέντα
909 4853 966 4915 ἐξ
991 4852 1145 4922 ὅρους
1167 4854 1292 4907 ἄνευ
1322 4854 1528 4923 χειρῶν·
1547 4857 1629 4917 τίς
1654 4855 1759 4924 γὰρ

208 4953 279 5006 ἂν
311 4947 512 5011 ἄλλος,
553 4947 581 4997 ὁ
627 4943 701 5004 ὡς
733 4943 858 5004 Υἱὸς
897 4941 1174 5011 ἀνθρώπου
1211 4943 1494 5013 ἐρχόμενος
1535 4943 1624 4996 ἐπὶ
1655 4943 1759 4996 τῶν

208 5039 480 5110 νεφελῶν,
503 5035 596 5088 καὶ
627 5035 728 5097 ἓως
763 5034 855 5086 τοῦ
886 5033 1117 5087 Παλαιοῦ
1154 5033 1259 5086 τῶν
1284 5033 1500 5103 ἡμερῶν
1528 5034 1756 5102 φθάνων,

210 5129 298 5196 εἴη
356 5125 392 5194 ἢ
440 5125 469 5175 ὁ
523 5120 690 5174 εἰπὼν
740 5119 941 5190 Κύριος
999 5119 1152 5189 ἡμῶν
1196 5119 1396 5189 Ἰησοῦς
1443 5119 1690 5189 Χριστὸς,
1731 5120 1761 5170 ὁ

209 5217 279 5268 δι’
308 5213 465 5284 ἡμᾶς
505 5210 714 5280 μορφὴν
741 5207 923 5261 δούλου
961 5206 1135 5260 λαϐὼν
1155 5247 1168 5270 ,
1209 5209 1299 5259 καὶ
1331 5207 1440 5268 υἱὸς
1477 5205 1753 5276 ἀνθρώπου

211 5303 528 5371 γενόμενος,
567 5317 584 5348 ι
631 5298 729 5349 -Ἐκ
760 5295 850 5348 τοῦ
883 5295 1087 5365 Πατρός
1116 5295 1349 5364 ἐξῆλθον,
1386 5295 1476 5346 καὶ
1506 5296 1638 5366 πρὸς
1666 5297 1755 5348 τὸν

210 5394 348 5448 Θεὸν
391 5391 616 5455 ὑπάγω;
649 5407 666 5438 ι
701 5386 759 5450 ὃς
793 5388 883 5439 καὶ
919 5387 1189 5456 παρόντων
1221 5385 1324 5438 τῶν
1356 5384 1543 5441 ἑαυτοῦ
1580 5385 1750 5454 μαθη-

209 5482 346 5546 τῶν,
383 5500 401 5532 ‹
425 5479 724 5549 βλεπόντων
749 5477 941 5539 αὐτῶν,
974 5475 1200 5546 ἐπήρθη,
1235 5475 1325 5526 καὶ
1347 5475 1544 5545 νεφέλη
1561 5474 1755 5527 ὑπέλα-

287 5637 336 5668 ¹³
369 5633 510 5688 Dan.
550 5646 610 5689 ιι.
647 5629 735 5689 Η,
767 5628 852 5680 45.
962 5626 1008 5657 ’⁵
1045 5623 1147 5678 Isa.
1179 5639 1371 5684 xxviii,
1411 5623 1493 5677 l6.

214 5723 289 5762 vn
314 5743 330 5770 ,
383 5703 481 5766 13,
537 5699 620 5752 14.
693 5699 736 5728 ’⁸
776 5695 928 5749 Joan.
955 5694 1146 5760 xm,3.
1222 5694 1265 5725 "
1294 5691 1410 5748 Act.
1446 5709 1482 5758 ι,
1516 5698 1562 5747 9.

1602 5625 1643 5654 ”
1676 5622 1809 5678 Psal.
1844 5637 2008 5677 cxvii.
2030 5620 2118 5673 ‘22.

1864 4580 1918 4626 et
1951 4587 2171 4640 regnum
2209 4573 2327 4640 ejus
2355 4573 2496 4641 quod
2540 4588 2648 4627 non
2681 4581 3055 4641 corrumpetur
3086 4575 3174 4624 '7‘.
3209 4592 3227 4623 ι
3265 4573 3405 4626 Con-

1865 4661 2101 4715 sentiunt
2141 4662 2252 4715 haec
2282 4677 2402 4714 cum
2438 4662 2677 4729 ejusdem
2727 4660 2962 4714 Danielis
3013 4659 3287 4728 prephetia
3338 4659 3404 4712 de

1863 4751 2059 4805 Christi
2091 4767 2256 4818 regno
2283 4753 2674 4820 pramuntiante
2708 4765 2802 4818 per
2843 4748 3070 4816 lapidem
3111 4747 3177 4801 de
3223 4755 3403 4801 monte

1864 4841 1978 4894 sine
2033 4841 2279 4893 manibus
2333 4840 2655 4894 abscissum.
2693 4838 2824 4903 Quis
2866 4837 3008 4890 enim
3057 4835 3217 4901 alius,
3247 4835 3399 4904 quasi

1863 4930 2029 4984 Filius
2059 4929 2294 4983 hominis
2316 4942 2436 4983 cum
2467 4928 2701 4981 nubibus
2728 4925 2850 4980 ειειί
2881 4925 3123 4986 veniens,
3148 4933 3202 4976 et
3230 4938 3401 4992 usque

1863 5023 1927 5075 ad
1946 5020 2233 5087 Antiquum
2255 5018 2459 5071 dierum
2486 5017 2806 5085 perveniens
2827 5024 2989 5072 esset.
3014 5013 3119 5066 nisi
3141 5011 3406 5092 Dominus

1863 5121 2044 5168 noster
2073 5110 2230 5166 Iesus
2263 5109 2531 5171 Christus,
2583 5119 2800 5178 propter
2829 5121 2929 5161 nos
2987 5104 3209 5158 formam
3260 5105 3398 5158 servi

1860 5203 2147 5270 accipiens,
2182 5208 2236 5255 et
2275 5200 2416 5254 illius
2462 5199 2694 5252 hominis
2728 5195 2901 5249 factus
2935 5196 3226 5264 dicensque
3256 5213 3268 5248 :
3308 5212 3326 5243 ‹
3356 5195 3399 5246 Α

1861 5294 1968 5347 Deo
2019 5291 2160 5345 exivi
2203 5297 2255 5344 et
2291 5289 2355 5343 ad
2404 5287 2570 5340 Deum
2616 5287 2752 5339 VJI'O
2784 5287 2868 5336 '3?
2895 5305 2912 5336 ι
2957 5285 3060 5350 Qui
3114 5293 3167 5339 et
3219 5299 3396 5338 coram

1857 5380 2135 5450 discipulis
2174 5379 2287 5432 suis
2323 5396 2336 5431 :
2378 5395 2396 5426 ι
2435 5376 2754 5429 Vialentihus
2789 5374 2916 5436 illis,
2948 5375 3186 5428 elevatus
3221 5384 3320 5434 est,
3349 5381 3399 5423 et

1859 5472 2028 5525 nubes
2077 5468 2313 5538 suscepit
2356 5481 2477 5521 eum
2509 5467 2574 5520 ”.
2619 5463 2922 5534 [Cumque
2973 5464 3399 5518 intuerentur-in

2230 5621 2272 5650 “
2301 5618 2432 5672 Dan.
2469 5615 2667 5702 tu,_9l.
2744 5614 2786 5645 ’⁷
2820 5613 2948 5668 ibid.
3001 5615 3087 5668 92.
3163 5615 3228 5647 ’τ’
3264 5611 3397 5668 Dan.
