3952 6382
245 398 380 460 ΗΠ

1178 402 1463 460 ΕΟιοοΕ
1516 394 1980 455 ΡΒΟΡΗΕΤΙΟᾸΞ.
2018 424 2088 437 --
2122 391 2244 446 LIB.
2287 391 2373 447 111.

3261 387 3402 442 1178

243 521 332 570 καί
364 518 634 590 παράδοξα
669 518 941 586 σημαίνει·
971 516 1062 571 νῦν
1086 516 1129 568 δ’
1145 511 1228 568 xliv
1252 518 1406 587 χρεία
1432 514 1556 586 περί
1575 531 1630 565 τε
1657 513 1778 573 τοὺς

1878 508 1990 560 tial.
2027 506 2175 561 Nunc
2214 508 2375 575 igitur
2401 504 2469 558 de
2510 505 2857 571 temporibus,
2888 505 3157 573 rebusque
3184 518 3304 572 quae
3327 501 3399 558 ad

241 607 461 675 χρόνους
494 609 585 659 καὶ
617 607 681 658 τὰ
711 607 914 667 τούτοις
944 605 1273 656 συντείνοντα
1303 605 1392 655 τὸν
1429 604 1581 668 λόγον
1622 618 1774 670 ποιη-

242 693 466 761 σόμεθα.
496 696 615 746 Ὅτι
652 696 745 762 μὲν
779 691 869 746 οὖν
906 694 1149 763 περὶτῆς
1179 692 1267 744 τοῦ
1303 692 1532 761 Χριστοῦ
1576 707 1776 761 παρου-

242 785 361 844 σίας
389 782 602 850 λέγεται
626 784 793 835 ταῦτα
824 783 955 851 μετὰ
979 783 1269 850 ἑϐδομάδας
1297 789 1336 831 ο’
1360 783 1631 851 μέλλοντος
1655 783 1775 833 ἐπι-

241 873 545 940 φαίνεσθαι,
572 874 750 943 δῆλοψ
777 875 866 925 ἐπὶ
894 873 998 942 γὰρ
1017 872 1109 924 τοῦ
1139 873 1378 941 Σωτῆρος
1401 872 1432 941 ἢ
1466 873 1571 923 ἀπὸ
1589 872 1774 923 τούτου

238 964 304 1014 τά
339 962 752 1029 παραπτώματα
788 959 1119 1019 παλαιοῦται,
1163 961 1254 1011 καὶ
1284 961 1338 1010 αί
1366 960 1625 1029 ἁμαρτίαι
1656 976 1774 1011 συν-

238 1049 519 1103 τελοῦνται
553 1050 638 1102 διὰ
669 1051 763 1120 τὴν
800 1052 1015 1118 ἄφεσιν,
1050 1049 1108 1100 αῖ
1151 1066 1209 1100 τε
1251 1050 1462 1117 ἀνομίαι
1509 1049 1775 1118 ἐξιλασμῷ

240 1139 377 1205 μετά
396 1138 505 1190 τῶν
524 1138 742 1190 ἀδικιῶν
763 1139 1157 1205 ἀπαλείφονται,
1171 1138 1469 1206 δικαιοσύνη
1491 1156 1549 1189 τε
1568 1138 1775 1200 αἰώνιος

176 1264 179 1267 -
238 1227 659 1295 καταγγέλλεται
687 1229 874 1299 (παρὰ)
903 1214 996 1297 τὴν
1035 1230 1096 1279 ἐκ
1132 1228 1314 1295 νόμου,
1349 1228 1561 1295 ὁράσεις
1591 1243 1647 1278 τε
1682 1229 1774 1279 καὶ

244 1321 562 1386 προφητεῖαι
597 1321 783 1388 μέχρις
830 1317 1095 1369 Ἰωάννου·
1128 1316 1334 1386 χρίεται
1362 1317 1543 1382 ’Ἀγιος
1578 1316 1771 1382 άγίωψ

242 1404 341 1474 πρὸ
368 1404 478 1475 γάρ
502 1406 598 1472 τῆς
628 1405 716 1456 τοῦ
742 1404 983 1473 Σωτῆρος
1017 1404 1307 1473 παρουσίας
1328 1403 1423 1455 ούκ
1454 1403 1577 1454 ὄντα
1608 1403 1776 1455 ταῦτα

241 1494 601 1562 προσεδοκᾶτο
664 1494 833 1563 μόνον.
886 1492 1176 1561 ’Ἀρξασθαι
1226 1492 1289 1561 δὴ
1343 1492 1447 1544 τῶν
1500 1492 1773 1563 ἀριθμῶν,

242 1581 378 1635 τοῦτ’
424 1582 540 1635 ἔστι
584 1583 689 1636 τῶν
739 1590 779 1635 o’
842 1582 1170 1651 ἑϐδομάδων,
1220 1580 1254 1633 ά
1287 1582 1429 1632 ἐστιν
1476 1583 1566 1649 ἐτη
1609 1586 1711 1646 UL],
1746 1582 1774 1633 ό

235 1672 468 1740 ἅγγελος
511 1672 814 1726 ὑποτίθεται
844 1692 861 1721 ι
886 1673 988 1725 άπὸ
1030 1671 1202 1735 ἐξόδου
1243 1671 1396 1739 λόγου
1433 1672 1524 1724 τοῦ
1552 1674 1775 1741 ἀποκρι-

234 1761 393 1831 θῆναι
425 1762 520 1813 καὶ
551 1761 642 1814 τοῦ
671 1762 1006 1830 οἰκοδομῆσαι
1045 1761 1411 1831 Ἰερουσαλὴμο
1444 1781 1461 1811 ι
1497 1761 1689 1830 συνέϐη
1720 1760 1773 1813 δὲ

1871 613 1933 652 ea
1965 599 2227 667 pertinent
2252 607 2511 664 tempora,
2542 595 2698 648 nobis
2723 596 3091 649 disserendum
3115 605 3218 648 est.
3242 592 3400 659 Quod

1872 688 2086 757 quidem
2116 688 2181 740 de
2208 686 2408 739 Christi
2437 686 2669 738 adventu
2700 685 2810 738 haec
2836 686 3087 738 dicuntur
3120 692 3240 753 post
3270 684 3403 738 beb-

1872 778 2127 833 domades
2156 792 2253 829 Lxx
2285 775 2514 836 venturi,
2548 782 2789 843 apertum
2821 787 2921 828 est.
2962 775 3166 829 Etenim
3209 790 3239 827 a
3281 773 3402 828 Sal-

1874 869 2071 921 vatoris
2111 875 2348 935 tempore
2396 868 2790 934 inveterascnnt
2823 865 3302 932 praevaricationes,
3335 862 3399 916 ﬁ-

1872 972 1991 1010 nem
2031 956 2298 1022 accipiunt
2329 970 2422 1022 per
2444 954 2858 1021 redemptionem
2895 964 3128 1019 peccata,
3152 954 3396 1007 delentur

1871 1045 2266 1112 propitiationis
2315 1043 2578 1097 sacrilicio
2628 1041 2934 1107 iniquitates
2977 1056 3099 1092 cum
3147 1040 3399 1108 praevari—

1872 1133 2194 1194 cationibus,
2226 1142 2275 1184 et
2305 1146 2401 1199 pro
2440 1131 2572 1199 legis
2595 1129 2803 1197 justitia
2837 1130 3156 1196 sempiterna
3189 1144 3398 1182 annun-

1873 1222 2033 1274 tiatur
2054 1222 2285 1290 justitia,
2327 1222 2558 1274 visiones
2582 1220 2786 1272 scilicet
2814 1226 2865 1270 et
2899 1218 3189 1286 prophetiae
3229 1235 3399 1287 usque

1872 1311 1938 1363 ad
1986 1310 2277 1373 Joannem;
2324 1310 2539 1378 ungitur
2591 1307 2819 1361 Sanctus
2874 1316 3201 1360 sanctorum.
3264 1308 3402 1363 Ante

1870 1401 2008 1453 enim
2038 1399 2330 1453 Salvatoris
2363 1398 2784 1450 incarnationem
2814 1396 2923 1448 liam.
2952 1395 3184 1449 nondum
3224 1405 3398 1462 erant,

1873 1484 2238 1536 tantummodo
2265 1481 2734 1549 exspectabantur.
2763 1479 3034 1530 Annorum
3069 1480 3403 1548 supputatio-

1870 1588 2011 1636 nem,
2041 1588 2143 1625 Lxx
2179 1572 2380 1626 scilicet
2419 1569 2792 1632 hebdomades,
2821 1584 2911 1622 seu
2950 1583 3081 1621 cnxc
3114 1584 3303 1632 annos,
3326 1570 3406 1623 in-

1871 1662 2001 1732 cipit
2031 1663 2250 1732 angelus
2278 1682 2295 1711 ι
2328 1663 2395 1715 ab
2425 1662 2569 1714 exitu
2610 1658 2895 1721 sermonis,
2929 1667 2984 1711 ut
3016 1657 3205 1711 iterum
3236 1659 3403 1713 aediﬁ-

1873 1763 2022 1807 cetur
2047 1752 2361 1807 Jerusalem.
2397 1771 2416 1802 ι
2450 1750 2755 1803 Evenerunt
2784 1748 2895 1801 haec
2936 1750 3245 1802 Artaxerxis
3273 1749 3403 1805 Per-

238 1849 404 1902 ταῦτα
425 1851 517 1901 ἐπὶ
554 1849 895 1919 Ἀρταξέρξου
916 1848 1135 1918 Περσῶν
1158 1849 1519 1917 βασιλεύοντος
1547 1849 1770 1918 εἰκοστῷ

1874 1857 2049 1897 sarum
2090 1842 2227 1911 regis
2269 1855 2410 1894 anno
2447 1840 2720 1893 vicesimo.
2768 1836 3051 1892 Neliemias
3094 1840 3257 1901 enim,
3284 1840 3402 1909 ejus

233 1954 360 1991 ετει.
392 1938 632 2007 Νεεμίας
664 1938 769 2007 γάρ
799 1941 827 1990 ό
857 1938 1037 1989 τούτου
1068 1937 1294 2006 οίνοχόος
1321 1937 1523 2007 δεηθεὶς
1552 1936 1772 2007 ἀποκρί-

234 2026 371 2090 σεώς
404 2044 466 2079 τε
486 2028 666 2095 ἔτυχεν
690 2026 1096 2096 οἰκοδομηθῆναι
1124 2027 1485 2096 Ἰερουσαλὴμ,
1505 2026 1597 2078 καὶ
1621 2025 1772 2093 λόγος

234 2116 453 2186 ἐξῆλθεν
491 2116 719 2168 κελεύων
743 2116 939 2169 ταῦτα’
979 2116 1133 2186 μέχρι
1164 2117 1269 2185 γὰρ
1294 2116 1493 2168 ἐκείνου
1524 2115 1613 2167 τοῦ
1643 2116 1769 2184 χρό-

234 2222 324 2259 νου
353 2208 386 2275 ή
421 2205 579 2267 πόλις
615 2207 886 2277 ἠρήμωτο.
924 2205 1100 2273 Κύρου
1129 2205 1233 2277 γάρ
1268 2206 1401 2274 μετὰ
1426 2205 1519 2273 τὴν
1548 2206 1773 2274 ἑθδομη-

234 2293 554 2346 κονταετίαν
572 2293 670 2361 τῆς
689 2292 1052 2361 αἰχμαλωσίας
1074 2293 1176 2345 τῶν
1201 2292 1527 2362 βουλομένων
1552 2294 1772 2346 ἕκαστον

232 2384 548 2436 ἐκουσιαστί
578 2383 1054 2451 καταπέμψαντος,
1081 2385 1129 2434 οί
1165 2384 1299 2451 μετὰ
1340 2383 1504 2453 Ἰησοῦ
1550 2384 1635 2435 τοῦ
1676 2402 1771 2454 με-

233 2473 397 2541 γάλου
430 2473 621 2543 ἱερέως
647 2474 736 2525 καί
761 2473 1055 2543 Ζοροϐάϐελ
1091 2472 1452 2535 κατελθόντες,
1493 2475 1582 2525 καί
1605 2476 1652 2526 οἰ
1682 2477 1773 2527 ἐπὶ

231 2563 439 2626 τούτοις
463 2563 579 2632 ἅμα
604 2563 791 2633 "Elige,
817 2563 904 2615 τὸν
928 2562 1059 2613 νεὼν
1080 2562 1369 2630 οἰκοδομεῖν
1395 2562 1681 2615 ἐκωλύοντο
1705 2562 1774 2615 τὰ

230 2653 446 2723 πρῶτα,
480 2653 573 2705 καὶ
599 2656 767 2721 τεῖχος
795 2654 858 2721 τῇ
888 2651 1033 2704 πόλει
1063 2651 1387 2721 περιϐαλεῖν,
1417 2651 1489 2714 ὡς
1525 2653 1582 2704 ού
1615 2669 1770 2705 κεκε-

231 2740 532 2811 λευσμένου
581 2741 785 2793 τούτου.
827 2741 1069 2809 Ἔμεινεν
1118 2737 1207 2793 οὖν
1252 2743 1353 2802 ἕως
1404 2742 1631 2811 Νεεμίου
1682 2744 1772 2795 καὶ

231 2833 516 2902 βασιλείας
558 2830 900 2902 Ἀρταξέρξου
921 2829 1271 2893 είκοσαετοῦς,
1300 2830 1519 2901 Περσῶν
1549 2831 1603 2883 δὲ
1645 2833 1771 2901 ἠγε-

234 2919 425 2990 μονίας
479 2917 929 2986 πεντεκαιδεκάτῳ
973 2919 1063 2968 καὶ
1113 2916 1400 2985 ἑκατοστῷ,
1422 2916 1526 2968 ἀπὸ
1573 2916 1627 2968 δὲ
1675 2918 1771 2984 τῆς

229 3007 490 3069 ἁλώσεως
528 3006 868 3076 Ἰερουσαλὴμ
916 3003 1029 3075 ρπε⁹
1073 3005 1196 3074 ἔτη·
1230 3007 1321 3057 καὶ
1359 3006 1475 3057 τότε
1528 3005 1770 3074 βασιλεὺς

243 3094 607 3166 Ἀρταξέρξης
660 3095 931 3146 ἐκέλευσεν
978 3093 1382 3164 οἰκοδομηθῆναι
1442 3094 1538 3162 τὴν
1585 3095 1769 3151 πόλιν,
1798 3132 1838 3187 c

230 3185 481 3254 Νεεμίας
508 3199 566 3234 τε
604 3182 1001 3251 καταπεμφθεὶς
1037 3182 1126 3234 τοῦ
1160 3182 1314 3249 ἔργου
1357 3183 1617 3253 προέστη,
1654 3185 1686 3251 ὴ
1716 3182 1771 3234 δὲ
1799 3168 1840 3187 ν

228 3268 496 3343 οίκοδομῆ
527 3272 747 3323 πλατεία
779 3272 871 3322 καὶ
899 3271 1022 3340 περὶ
1056 3273 1245 3338 τεῖχος,
1272 3270 1345 3330 ὡς
1371 3269 1738 3339 προεφητεύθη
1756 3287 1770 3300 ·

230 3363 497 3419 κάκεῖθεν
525 3360 834 3430 ἀριθμοῦσιν
862 3362 988 3429 ἡμῖν
1021 3366 1061 3411 ο¹
1098 3357 1383 3428 ἑϐδομάδες
1407 3359 1485 3420 εἰς
1512 3358 1601 3410 τὸν
1646 3360 1775 3428 Χρι-

233 3455 362 3508 στδν
393 3450 782 3503 συντελούνται.

306 3566 372 3618 Εἰ
402 3562 512 3633 γάρ
536 3561 746 3616 ἄλλοθέν
776 3560 933 3614 ποθεν
964 3561 1209 3631 ἀριθμεῖν
1236 3559 1533 3631 άρξαίμεθα
1567 3562 1659 3613 καὶ
1681 3562 1777 3612 οὐκ

234 3652 510 3709 ἐντεῦθεν,
546 3650 664 3703 οὔτε
715 3650 743 3700 ό
782 3651 965 3721 χρόνος
1012 3649 1401 3719 συνδραμεῖται,
1436 3650 1527 3701 καὶ
1558 3650 1777 3701 πλεῖστα

235 3744 420 3796 ἄτοπα
458 3738 752 3806 ἀπαντήσει
774 3754 788 3768 ·
833 3738 922 3790 ἐάν
955 3753 1012 3788 τε
1055 3737 1160 3807 γάρ
1206 3737 1312 3789 ἀπὸ
1343 3735 1520 3807 Κύρου
1556 3737 1648 3788 καὶ
1681 3737 1778 3804 τῆς

236 3826 469 3899 πρώτης
522 3825 880 3895 καταπομπῆς
930 3826 1026 3896 τὴν
1076 3824 1243 3895 ἀρχὴν
1296 3824 1638 3895 ποιησώμεθα
1682 3825 1778 3894 τῆς

235 3917 588 3988 ἀριθμήσεως
634 3914 738 3967 τῶν
771 3922 811 3968 o’
854 3914 1154 3984 ἑϐδομάδων
1176 3952 1190 3977 ,
1232 3913 1324 3984 ἔτη
1362 3921 1405 3985 ρ’
1440 3916 1530 3967 καὶ
1562 3916 1777 3985 προσέτι

237 4005 576 4076 περισσεύει,
606 4005 798 4058 πλείων
825 4005 880 4057 δὲ
913 4005 1117 4074 χρόνος,
1152 4008 1198 4058 εί
1230 4007 1321 4074 ἀφ’
1356 4002 1423 4075 ἦς
1452 4006 1660 4075 ἡμέρας
1703 4005 1779 4076 τῷ

237 4093 446 4163 Δανιὴλ
468 4096 496 4146 ὁ
526 4095 745 4162 ἄγγελος
765 4097 1174 4165 προεφήτευσεν,
1201 4093 1374 4163 πολλῷ
1396 4095 1450 4146 δὲ
1484 4093 1697 4157 πλείων,
1730 4096 1778 4146 εί

237 4181 339 4235 ἀπ’
380 4180 554 4249 ἀρχῆς
602 4182 696 4251 τῆς
742 4182 1131 4252 αἰχμαλωσίας·
1166 4182 1480 4252 εὑρίσκομεν
1534 4182 1638 4253 γάρ
1683 4182 1778 4251 τὴν

239 4269 474 4341 Περσῶν
501 4269 762 4337 βασιλείαν
781 4273 950 4324 ἐτεσιν
980 4271 1052 4325 σλ¹
1086 4271 1574 4343 περιγραφομένην,
1603 4272 1699 4340 τήν
1720 4286 1777 4321 τε

238 4355 570 4416 Μακεδόνων
595 4359 671 4418 εἰς
704 4357 796 4425 ἐτη
824 4356 865 4408 τ’
894 4358 1303 4428 παρατείνασαν,
1332 4357 1578 4412 κάκεῖθεν
1604 4359 1693 4410 ἐπὶ
1718 4357 1776 4409 τὸ

1870 1934 2145 2000 pincerna,
2173 1939 2420 2000 precatus
2446 1944 2760 1997 responsum
2791 1931 2994 1998 accepit
3028 1938 3084 1982 ut
3111 1931 3402 1986 aediﬁcare-

1870 2032 1957 2075 tur
2000 2021 2315 2084 Jerusalem,
2368 2030 2421 2075 et
2460 2021 2622 2074 exivit
2670 2034 2849 2079 sermo
2884 2019 2994 2071 haec
3050 2018 3401 2087 praecipiens;

1868 2114 2064 2167 etenim
2097 2128 2266 2181 usque
2293 2113 2356 2164 ad
2391 2112 2493 2165 hoc
2526 2111 2780 2179 temporis
2807 2111 2937 2164 urbs
2969 2111 3179 2163 deserta
3205 2110 3397 2166 fuerat.

1869 2204 2008 2273 Cyro
2035 2211 2154 2271 post
2193 2203 2527 2271 septuaginta
2571 2201 2890 2269 captivitatis
2934 2216 3105 2254 annos
3132 2202 3401 2271 quoslibet

1870 2302 2060 2361 sponte
2093 2294 2417 2353 remittente,
2453 2291 2540 2342 alii
2572 2306 2693 2343 cum
2724 2289 2850 2343 Jesu
2883 2306 3093 2344 summo
3122 2291 3401 2346 sacerdote

1869 2390 1921 2435 et
1946 2381 2236 2435 Zorobabel
2266 2381 2512 2449 profecti,
2542 2380 2629 2432 alii
2658 2379 2848 2433 deinde
2884 2395 3004 2432 cum
3046 2379 3230 2444 Esdra,
3267 2387 3401 2433 tem-

1871 2474 2014 2542 plum
2064 2472 2351 2541 quominus
2398 2469 2742 2531 aedilicarent,
2789 2470 3163 2538 moenibusque
3216 2470 3399 2521 urbem

1869 2563 2163 2631 cingerent,
2217 2562 2388 2629 primo
2439 2560 2888 2629 impediebantur.
2941 2559 3094 2627 quasi
3148 2558 3251 2612 hoc
3293 2574 3400 2611 non

1868 2653 2149 2721 imperato.
2186 2650 2562 2718 Exspectatum
2617 2660 2697 2702 est
2734 2648 2894 2718 igitur
2922 2663 3090 2716 usque
3118 2647 3184 2700 ad
3231 2645 3402 2700 Nehe—

1869 2741 2049 2802 miam,
2072 2740 2483 2805 Artaxerxisque
2511 2738 2654 2805 regni
2690 2736 2998 2789 vicesimum
3028 2750 3245 2797 annum,
3277 2733 3405 2788 Per-

1868 2845 2046 2884 sarum
2068 2836 2245 2882 autem
2274 2828 2476 2897 imperii
2507 2827 2750 2896 quintum
2788 2825 3051 2878 decimum
3091 2832 3143 2878 et
3171 2823 3401 2879 centesi-

1870 2933 2035 2980 mum,
2064 2932 2267 2970 ccxxxv
2295 2918 2361 2969 ab
2389 2924 2689 2985 oppugnata
2718 2913 3010 2968 Jerusalem
3051 2915 3225 2968 anuis.
3252 2912 3402 2966 Tunc

1872 3022 1960 3060 rex
1980 3005 2300 3058 Artaxerxes
2323 3006 2503 3065 urbem
2525 3003 2771 3056 mdiﬁcari
2785 3003 2967 3072 jussit,
2988 3004 3290 3072 missusque
3311 3002 3407 3056 Ne-

1871 3094 2072 3148 hemias
2108 3094 2198 3162 qui
2246 3094 2390 3162 operi
2423 3101 2708 3162 praeesset;
2743 3093 2864 3145 ideo
2889 3094 3146 3147 mdillcala
3180 3103 3261 3148 est
3288 3093 3406 3161 pla-

1871 3196 1973 3244 tea,
2008 3184 2308 3249 mmniaque
2336 3188 2537 3233 circum
2583 3181 2773 3232 educta
2806 3191 2950 3243 sunt,
2980 3180 3132 3248 juxta
3170 3181 3401 3250 prophe-

1872 3264 1997 3314 tiam
2027 3281 2040 3316 :
2070 3279 2133 3315 ex
2176 3278 2282 3331 quo
2320 3265 2474 3318 nobis
2516 3263 2579 3316 ad
2608 3261 2879 3317 Christum
2919 3279 3019 3316 Lxx
3049 3263 3406 3320 hebdomade!

1872 3362 1997 3405 sunt
2030 3351 2390 3404 numeranda.

1945 3544 2001 3600 Si
2030 3547 2170 3599 enim
2203 3546 2353 3599 aliter
2399 3561 2681 3600 numerare
2723 3547 3101 3615 inceperimus,
3133 3563 3233 3602 nec
3264 3555 3404 3602 tem-

1876 3651 1974 3704 pus
2026 3637 2303 3704 congruit,
2362 3637 2618 3704 pluraque
2665 3637 3034 3704 intempestive
3088 3644 3402 3692 occurrunt.

1874 3723 2004 3776 Nam
2035 3728 2081 3779 si
2103 3739 2132 3775 a
2162 3724 2301 3793 Cyro
2326 3725 2599 3792 primaque
2633 3723 2947 3776 dimissioue
2985 3738 3089 3777 Lxx
3120 3724 3406 3777 hebdoma-

1875 3815 2003 3868 dum
2062 3828 2339 3866 numerum
2404 3820 2694 3881 supputare
2734 3813 3132 3880 inciperemus,
3186 3824 3400 3868 centum

1876 3904 2003 3956 anni
2047 3909 2356 3970 supersunt,
2400 3901 2688 3970 pluresque
2736 3903 2781 3957 si
2812 3901 2878 3955 ab
2908 3903 2998 3955 illa
3034 3903 3118 3957 die
3153 3918 3256 3972 qua
3297 3902 3404 3957 Da-

1878 3992 2000 4046 nieli
2029 3992 2250 4061 angelus
2292 3992 2696 4060 prophetizavit,
2749 4000 2803 4046 et
2832 3993 3000 4046 multo
3029 3994 3211 4062 plures
3241 3994 3404 4047 etiam

1878 4085 1921 4137 si
1972 4099 1999 4135 a
2033 4084 2358 4152 captivitatis
2388 4083 2558 4136 initio.
2591 4084 2898 4138 Invenimus
2945 4086 3084 4137 enim
3116 4082 3405 4137 Persarum

1878 4188 2096 4241 regnum
2144 4186 2311 4225 ccxxx
2367 4187 2629 4226 annorum
2682 4173 2855 4240 spatio
2902 4173 3402 4240 circumseriptum,

1877 4261 2221 4316 Macedonum
2251 4277 2375 4316 vero
2406 4277 2519 4324 ccc,
2550 4278 2613 4316 ex
2660 4277 2768 4331 quo
2816 4263 2883 4316 ad
2929 4262 3126 4316 Tiberii
3175 4261 3406 4320 Caesaris

1878 4366 2073 4403 annum
2107 4359 2315 4405 sextum
2350 4352 2612 4404 decimum
2665 4352 2937 4419 Sexaginta
2967 4353 3093 4405 anni
3132 4353 3404 4409 ellluxere.

240 4447 502 4518 Τιϐερίου
524 4445 786 4515 Καίσαρος
822 4447 931 4510 ἔτος
955 4449 1323 4501 ἑκκαιδέκατον
1351 4450 1426 4510 εἰς
1454 4448 1545 4518 ἔτη
1568 4446 1608 4513 ξ’
1628 4463 1642 4478 '
1674 4445 1778 4499 ἀπὸ

1880 4439 1983 4493 Sed
2043 4441 2109 4493 ab
2174 4440 2468 4495 Artaxerxe
2519 4456 2617 4493 Lxx
2670 4441 3028 4495 hebdomades
3088 4441 3154 4494 ad
3206 4441 3404 4495 Christi

238 4537 299 4591 δὲ
336 4532 691 4606 Ἀρταξέρξου
711 4541 748 4585 o'
776 4534 1051 4604 ἑϐδομάδες
1074 4540 1150 4598 εἰς
1171 4539 1258 4589 τὸν
1287 4539 1379 4591 ἐπὶ
1404 4536 1630 4607 Χριστοῦ
1660 4552 1778 4588 συν-

242 4625 524 4681 τελοῦνται
553 4624 735 4693 χρόνον
767 4625 904 4677 κατὰ
945 4625 1065 4687 τοὺς
1080 4626 1334 4679 Ἰουδαίων
1353 4627 1627 4697 ἀριθμούς.
1646 4626 1774 4679 Ἀπὸ

241 4717 354 4785 γάρ
388 4712 643 4781 Νεεμίου,
671 4711 728 4773 ὃς
778 4711 879 4762 ύπδ
922 4711 1265 4781 Ἀρταξέρξου
1304 4714 1397 4781 τὴν
1438 4714 1780 4783 Ἰερουσαλὴμ

242 4802 536 4857 άνοικίσων
564 4801 807 4870 ἐπέμφθη
829 4840 841 4862 ,
876 4800 981 4852 ἔτει
1034 4800 1484 4871 πεντεκαιδεκάτῳ
1518 4802 1609 4855 καὶ
1656 4805 1779 4855 ἑκα-

246 4888 458 4958 στοστῴ
488 4889 587 4957 τῆς
613 4888 831 4955 Περσῶν
859 4887 1139 4956 βασιλείας,
1168 4888 1324 4940 αὐτοῦ
1345 4906 1400 4939 τε
1436 4889 1778 4960 Ἀρταξέρξου
1810 4924 1816 4930 ς

247 4976 530 5047 βασιλείας
582 4975 805 5045 εἰκοστῷ
851 4975 956 5027 ἔτει
1012 4976 1104 5028 καὶ
1170 4974 1516 5044 Ὀλυμπιάδος
1577 4976 1777 5044 (1140)

244 5067 606 5137 ὀγδοηκοστῆς
647 5066 830 5135 τρίτης
865 5065 969 5116 ἔτει
1016 5064 1285 5134 τετάρτῳ,
1338 5066 1426 5115 ἐπὶ
1466 5063 1648 5115 τοῦτον
1692 5065 1780 5117 τὸν

244 5157 472 5227 χρόνον,
505 5156 563 5216 ὃς
610 5150 676 5223 ἦν
729 5154 1074 5223 Ὀλυμπιάδος
1124 5154 1487 5218 διακοσιοστῆς
1529 5153 1781 5221 δευτέρας

244 5247 367 5309 ἔτος
392 5243 659 5314 δεύτερον,
688 5243 930 5314 Τιϐερίου
955 5244 1009 5295 δὲ
1047 5242 1318 5312 Καίσαρος
1346 5242 1631 5311 ἡγεμονίας
1663 5244 1780 5306 ἔτος

245 5333 666 5397 ἑκκαιδέκατον,
718 5332 806 5403 ἑτη
853 5333 1133 5400 συνάγεται
1178 5330 1300 5393 uos’,
1337 5332 1476 5399 άπερ
1528 5332 1780 5401 Ἐϐραῖκά

244 5425 570 5496 τετρακόσια
615 5426 924 5493 ἐνενήκοντα
955 5424 1045 5494 ἔτη
1086 5423 1286 5491 γίνεται
1317 5423 1453 5475 κατά
1496 5422 1581 5473 τὸν
1631 5423 1783 5492 σελη-

247 5518 396 5567 ναῖον
432 5513 576 5582 μῆνα
605 5513 724 5574 τοὺς
754 5514 1022 5582 ἐνιαυτοὺς
1055 5512 1267 5565 ἐκείνων
1292 5509 1778 5580 ἐξαριθμουμένων,

247 5606 306 5666 ὃς
347 5606 518 5665 ἐστιν,
547 5602 621 5662 ὡς
655 5602 933 5673 πρόχειρον
962 5605 1149 5663 εἰπεῖν,
1174 5600 1385 5670 ἡμερῶν
1428 5600 1592 5650 εἰκόσι
1633 5600 1782 5652 ἐννέα

248 5695 417 5763 ῆμισυ
436 5708 451 5720 ’
469 5690 639 5752 οὕτως
660 5690 750 5742 τοῦ
772 5690 962 5744 κύκλου
989 5692 1312 5755 ύπάοχοντος
1338 5690 1551 5754 ἡμερῶν
1582 5689 1786 5752 152's:-

1879 4537 2087 4597 tempus
2142 4530 2293 4597 juxta
2349 4528 2652 4583 Judaeorum
2711 4545 2963 4585 numeros
3023 4545 3405 4584 consumman-

1878 4624 1982 4668 tur.
2017 4615 2223 4668 Etenim
2264 4629 2294 4666 a
2336 4614 2605 4677 Nehemia,
2652 4632 2808 4684 quem
2842 4618 3163 4671 Artaxerxes
3208 4618 3273 4671 ad
3320 4618 3403 4670 in-

1877 4705 2217 4760 staurandam
2234 4703 2528 4758 Jerusalem
2558 4705 2878 4767 misit,anno
2903 4707 3089 4773 quinto
3122 4707 3329 4759 decimo
3350 4715 3402 4760 et

1877 4796 2169 4849 centesimo
2212 4794 2494 4847 Persarum
2551 4795 2717 4861 regni,
2767 4794 3044 4862 ipsiusque
3092 4797 3403 4850 Artaxerxis

1877 4884 2024 4952 regni
2058 4882 2312 4936 vicesimo
2351 4895 2512 4942 anno,
2543 4880 2860 4949 olympiadis
2907 4898 3034 4936 vero
3069 4887 3411 4952 octogesimze

1880 4975 2044 5027 tertiae
2093 4986 2234 5025 anno
2263 4982 2473 5039 quarto,
2512 4985 2681 5038 usque
2732 4971 2798 5023 ad
2828 4971 2931 5025 hoc
2959 4982 3186 5039 tempus,
3232 4975 3403 5042 olymo

1879 5066 2051 5137 piadis
2111 5065 2316 5119 scilicet
2372 5064 2752 5117 ducentesima).
2810 5063 3056 5119 secundae
3108 5080 3305 5117 annum
3341 5081 3400 5129 ιι,

1879 5154 2081 5225 imperii
2127 5169 2251 5209 vero
2286 5153 2485 5207 Tiberii
2518 5153 2745 5207 Caesaris
2799 5168 2997 5207 annum
3027 5163 3234 5208 sextum
3260 5154 3405 5208 deci-

1879 5260 2045 5307 mum,
2092 5244 2216 5296 anni
2277 5242 2443 5311 elapsi
2485 5251 2610 5296 sunt
2659 5256 2885 5305 anxxv,
2937 5242 3017 5296 vel
3073 5256 3206 5295 cuxc
3247 5243 3403 5309 juxta

1879 5328 2129 5387 Hebraeos
2162 5333 2434 5387 mensibus
2463 5347 2658 5386 annum
2705 5330 2984 5396 lunaribus
3040 5341 3402 5397 numerantes,

1878 5423 1967 5493 qui
2000 5430 2125 5478 sunt
2146 5422 2351 5477 dierum
2383 5438 2506 5474 xxix
2538 5429 2589 5475 et
2609 5418 2814 5474 dimidii
2837 5436 2852 5483 ;
2876 5433 2997 5472 cum
3027 5420 3188 5488 igitur
3209 5436 3406 5475 cccux

1880 5512 2084 5566 dierum
2116 5520 2170 5565 et
2198 5512 2512 5580 quailrantis
2549 5512 2618 5563 sit
2647 5507 2771 5560 anni
2805 5509 3011 5576 cyclus,
3043 5509 3280 5561 lunarem
3311 5525 3410 5560 an-

1882 5618 2007 5659 num
2026 5601 2270 5655 undecim
2301 5600 2508 5654 excedit
2534 5599 2744 5659 diebus,
2763 5606 2815 5650 et
2835 5596 3148 5680 quadrante.
3165 5596 3411 5664 Quapro-

1886 5700 1999 5748 oter
2026 5689 2195 5744 Graeci
2224 5695 2276 5741 et
2305 5686 2473 5743 Judzei
2506 5685 2869 5742 cmbolimaeos
2898 5692 3009 5740 tres
3038 5700 3249 5738 menses
3287 5690 3413 5736 octo
