3952 6388
200 388 344 468 list

1176 405 1463 466 τοιοσῶ
1494 399 2088 462 PROPHETIC£.'—‘
2107 394 2234 453 LIB.
2273 388 2361 448 Ill.

3255 385 3386 438 “8!

200 524 495 594 βασιλείαν
546 528 890 601 παραλαϐὼν,
937 521 1087 589 αὖθις
1145 522 1281 595 μετὰ
1330 523 1512 593 Κύρον
1550 517 1754 574 stans

1858 529 1968 571 rem
2018 521 2260 569 nostrum
2305 505 2501 563 invecti
2551 503 2837 561 dicebant:
2870 522 2890 556 ι
2934 499 3295 569 Quadraginta
3330 505 3387 553 et

198 588 646 687 προγράμματος
676 619 772 690 τὴν
797 588 1561 689 ἰερουσαλὴμίοίκοδομηθῆναι
1589 625 1758 681 προσ-

1858 619 1949 661 ιει
1991 604 2146 658 annis
2192 598 2508 656 ediﬁcatum
2555 603 2641 650 est
2671 594 2922 663 templum
2971 593 3075 646 hoc
3097 629 3112 653 ,
3162 599 3216 643 et
3244 588 3384 690 tu'iu

194 705 417 758 τάττει.
448 708 557 759 Καὶ
586 707 650 778 δὴ
681 708 819 761 κατὰ
843 709 904 760 τὸ
939 707 1092 759 εκτον
1115 702 1275 757 αὐτοῦ
1310 702 1407 769 τῆς
1426 700 1597 771 ἀρχῆς
1617 699 1755 763 ἔτος,

198 795 352 864 ὅπερ
380 791 450 865 ἦν
476 796 581 849 ἀπὸ
602 797 782 866 Κύρου
802 794 1225 866 τεσσαρακοστὸν
1252 792 1344 844 καὶ
1373 792 1546 855 έκτον,
1566 789 1634 843 τὰ
1661 789 1760 858 τῆς

195 888 507 959 οἰκοδομῆς
538 888 963 960 ἀποπληροῦται·
995 886 1114 940 ὅθεν
1132 882 1430 952 ὁρμώμενοι
1458 879 1532 949 τῷ
1554 880 1757 950 Σωτῆρι

197 977 373 1046 ἡμῶν
417 979 600 1047 ελεγον
619 994 632 1006 ⁸
666 997 685 1029 ι
725 980 794 1032 Μ’
825 978 915 1031 καὶ
948 976 1006 1040 ἓξ
1036 975 1206 1027 ἔτεσιν
1235 969 1551 1041 ᾠκοδομήθη
1582 971 1611 1021 ό
1635 968 1759 1030 ναὸς

195 1058 394 1135 οὗτος,
428 1071 523 1125 καὶ
575 1072 637 1124 σὺ
678 1072 734 1122 ὲν
780 1070 950 1139 τρισὶν
992 1065 1219 1136 ἡμέραις
1263 1062 1469 1131 ἐγερεῖς
1514 1059 1703 1121 αὖτόνὲ
1734 1076 1753 1108 ⁵

194 1158 374 1211 Κατὰ
397 1160 455 1213 δὲ
486 1160 577 1211 τὸν
612 1158 866 1228 Ἰώσηπον
907 1164 948 1209 ο¹
981 1156 1065 1226 (θ’)
1095 1154 1187 1207 καὶ¹
1223 1158 1271 1222 μ’
1297 1150 1387 1221 ἐτη
1414 1147 1650 1219 ἀκριϐῶς
1692 1145 1759 1199 τά

192 1249 322 1303 ἀπὸ
350 1251 534 1322 Κύρου
566 1252 655 1304 ἐπὶ
682 1251 741 1303 τὸ
772 1249 991 1320 Δαρείου
1024 1247 1203 1299 ἔνατον
1232 1242 1346 1304 ἔτος
1373 1240 1674 1307 συνάγεται,
1701 1238 1759 1289 ὲν

190 1330 242 1405 ᾧ
286 1340 451 1404 τέλος
487 1340 746 1394 ἐπιθεῖναι
787 1342 851 1409 τῇ
886 1336 975 1391 τοῦ
1005 1333 1130 1389 ναοῦ
1160 1332 1405 1401 οἰκοδομῇ
1433 1333 1488 1382 ὲν
1518 1328 1594 1398 τῷ
1615 1327 1758 1380 ἐνδε-

189 1428 366 1499 κάτῳ
395 1431 495 1499 τῆς
526 1429 960 1497 Ἀρχαιολογίας
978 1426 1135 1494 φησιν
1151 1421 1414 1487 αὑτολεξεὶ
1428 1419 1596 1490 δηλῶν
1620 1419 1759 1470 οίκο-

189 1517 618 1592 δομηθήσεσθαι
665 1521 753 1573 τὸν
803 1519 927 1572 ναὸν
961 1518 1001 1582 ζ’
1033 1516 1153 1584 (sic)
1192 1514 1316 1584 μηνὶ
1336 1512 1426 1565 τοῦ
1458 1512 1638 1563 ἐνάτου
1663 1510 1759 1578 τῆς

189 1607 303 1659 ἐπὶ
334 1609 560 1678 Δαρείου
590 1606 855 1676 βασιλείας
878 1606 1053 1666 ἔτους·
1088 1596 1165 1664 οἷς
1186 1600 1276 1652 καὶ
1302 1596 1541 1666 ἐπιφέρει
1561 1595 1754 1661 λέγων·

194 1711 217 1744 ι
253 1694 597 1764 Κατῴκισαν
636 1695 691 1747 δὲ
722 1696 777 1746 ὲν
808 1696 916 1754 τοῖς
948 1688 1322 1761 Ἰεροσολύμοις
1354 1682 1589 1751 πολιτείᾳ
1615 1680 1756 1753 Χρώ⁴¹

193 1799 369 1852 μενοι
417 1781 940 1853 άριστοκρατῘορ]ικῇ
991 1779 1125 1849 μετὰ
1167 1774 1501 1846 ὀλιγαρχίας⁹
1551 1774 1597 1823 οἱ
1650 1770 1756 1840 γὰρ

191 1873 385 1942 ἱερεῖς
436 1874 831 1943 προεστήκεσαν
880 1871 982 1922 τῶν
1018 1855 1369 1939 πραγμάτων,
1394 1864 1516 1933 ἄχρι
1548 1856 1607 1915 οὗ
1633 1862 1755 1951 τους
1788 1896 1826 1951 η

205 1961 596 2031 Ἀσαμωναίου
626 1961 814 2030 συνέϐη
847 1958 1137 2029 βασιλεύειν
1165 1956 1434 2025 ἐγγόνους.
1460 1972 1477 2003 ι
1504 1952 1622 2003 Αἵδε
1660 1949 1755 2019 μὲν

190 2064 295 2101 ουν
328 2050 389 2101 αἱ
424 2051 482 2101 ὲν
502 2051 567 2118 τῇ
592 2047 884 2118 προφητείᾳ
914 2047 1201 2117 φερόμεναι
1228 2045 1270 2107 ζ’
1297 2040 1578 2110 ὲϐδομάδες
1600 2039 1679 2099 είς
1696 2037 1756 2089 τὸ

196 2135 687 2206 προδεδηλωμένον
736 2135 851 2198 ἔτος
896 2134 1116 2204 Δαρείου
1149 2129 1596 2201 περιοριζόμεναι,
1628 2125 1757 2196 πρό-

192 2223 367 2295 δηλον
398 2242 489 2277 ουν
509 2224 574 2276 δι’
594 2225 659 2293 ἢν
684 2224 857 2277 αἰτίαν
886 2224 990 2276 τῶν
1011 2222 1140 2289 (τὸν)
1168 2221 1272 2273 ἀπὸ
1290 2219 1392 2272 τῶν
1413 2216 1608 2270 λοιπῶν
1630 2217 1758 2283 ἀφο-

197 2310 408 2382 ρισμδν
448 2311 981 2379 είλήφασιν.Ἰδωμεν
1007 2309 1062 2360 δὲ
1092 2307 1182 2360 καὶ
1217 2306 1313 2370 τὰς
1346 2306 1533 2365 λοιπὰς
1564 2303 1638 2372 ξβ’
1667 2302 1757 2355 ἐπὶ

194 2400 403 2463 ποίους
433 2398 824 2470 περιορίζονται
868 2398 1105 2467 χρόνους.
1132 2397 1203 2448 Τὸ
1231 2396 1327 2466 μὲν
1354 2394 1416 2465 δὴ
1441 2394 1619 2447 ἔνατον
1644 2392 1758 2456 ἔτος

196 2490 439 2559 Δαρείου
462 2489 600 2541 κατὰ
623 2488 718 2558 τὴν
744 2488 971 2557 ἑϐδόμην
998 2487 1089 2539 καὶ
1110 2484 1397 2559 ἑξηκοστὴν
1431 2480 1758 2550 Ὀλυμπιάδα

198 2580 270 2631 ἐκ
305 2579 413 2648 τῆς
450 2577 556 2630 τῶν
603 2578 730 2646 παρ’
766 2577 985 2646 Ἕλλησι
1028 2575 1406 2646 χρονογράφων
1437 2572 1757 2642 παρίσταται

200 2667 485 2738 ἱστορίας·
511 2665 616 2719 ἀπὸ
654 2667 715 2736 δὴ
750 2662 839 2718 οὖν
872 2664 1072 2735 ταύτης
1098 2664 1187 2717 ἐπὶ
1219 2663 1316 2734 τὴν
1348 2664 1637 2734 ἑκατοστὴν
1669 2665 1759 2715 ἐκ·

197 2758 543 2826 καιδεκάτην
586 2756 933 2826 Ὀλυμπιάδα,
967 2755 1085 2808 καθ’
1110 2756 1175 2823 ἢν
1220 2753 1471 2815 Σέλευκος
1507 2753 1638 2822 μετὰ
1662 2752 1758 2820 τὴν

210 2847 574 2917 Ἀλεξάνδρου
597 2847 845 2916 τελευτὴν
869 2846 1062 2916 Συρίας
1084 2844 1295 2912 ἁπάσης
1314 2844 1405 2896 καὶ
1424 2842 1758 2907 Βαϐυλωνίας

198 2937 538 3008 ἐκράτησεν,
574 2935 663 3005 ἔτη
689 2935 891 3003 γίνεται
917 2942 960 2987 σ’
975 2951 988 2965 ·
1019 2933 1261 2987 ἐντεῦθεν
1282 2933 1324 2985 δ’
1348 2932 1437 2985 ἐπὶ
1459 2932 1555 3002 τὴν
1578 2931 1756 2983 τελευ-

196 3027 304 3098 τὴν
329 3026 576 3096 Σίμωνος
594 3064 609 3086 ,
644 3024 902 3078 Ἰουδαίων
935 3024 1227 3094 ἀρχιερέως
1243 3061 1257 3085 ,
1279 3021 1377 3090 τῆς
1405 3021 1543 3074 κατὰ
1565 3021 1759 3090 Συρίαν

199 3117 392 3187 ἀρχῆς
424 3113 469 3176 ζ’
496 3113 588 3166 καὶ
614 3118 655 3165 ο’
687 3114 779 3165 καὶ⁸
816 3118 858 3181 ρ’
881 3111 1210 3179 διαγενέσθαι
1240 3112 1272 3179 ἠ
1304 3109 1490 3178 πρώτη
1528 3108 1638 3161 τῶν
1664 3125 1760 3162 κα-

1854 693 2027 746 tribus
2047 691 2235 745 diebus
2252 686 2513 742 “ciuilis
2548 684 2676 737 illud
2704 683 2804 736 ³²⁶τ
2838 702 2860 734 a
2880 681 3042 735 Juxta
3068 686 3250 732 eumut
3284 672 3385 731 Jo-

1864 780 2085 849 sephum
2112 792 2301 833 novem
2324 783 2378 829 et
2407 773 2760 843 quadraginta
2787 770 2912 822 anni
2938 774 3064 823 sunt
3094 782 3126 821 a
3156 762 3383 836 Cyroad

1855 884 2054 923 nonum
2090 868 2231 920 Darii
2287 880 2506 927 annum,
2537 877 2662 931 gquo
2715 858 3000 929 perfectam
3063 857 3196 910 dicit
3245 861 3384 908 tem-

1857 957 2385 1028 plimdiiicationem,
2439 954 2494 1006 in
2528 952 2808 1005 undecimo
2852 946 3214 1015 Arcliwologic
3245 944 3384 997 libro

1856 1048 2036 1117 templi
2068 1044 2507 1101 instaurationem
2533 1056 2758 1095 narrans
2789 1038 3016 1106 septimo
3054 1035 3193 1088 Darii
3233 1032 3384 1102 regni

1854 1136 1979 1188 noni
2005 1134 2131 1187 anni
2160 1146 2340 1186 mense
2379 1130 2694 1183 absolutam.
2741 1126 3041 1192 Additque:
3085 1141 3103 1173 ι
3155 1121 3384 1189 Eratque

1856 1232 1983 1278 tunc
2010 1219 2504 1291 Hierosolymitanis
2531 1215 2865 1271 aristocratia
2895 1209 3181 1280 oligarcliia
3203 1209 3380 1273 mista;

1854 1312 2309 1368 sacerdotesenim
2327 1309 2488 1362 rebus
2517 1306 2863 1375 przefuerunt,
2892 1303 3061 1356 donec
3085 1298 3387 1353 Asamouai

1854 1404 2050 1473 posteri
2081 1402 2403 1457 sortirentur
2435 1413 2652 1467 regnum
2684 1396 2780 1463 ll).
2818 1413 2836 1446 ι
2870 1392 2961 1446 Hae
2988 1392 3148 1460 igitur
3177 1390 3230 1442 in
3259 1403 3383 1458 pro-

1856 1493 2029 1563 phetia
2053 1493 2230 1546 relatas
2263 1499 2462 1559 septem
2495 1484 2869 1543 hebdomades,
2912 1496 3031 1551 quas
3077 1480 3143 1534 ad
3185 1492 3386 1532 nonum

1856 1584 1997 1637 Darii
2027 1596 2226 1636 annum
2260 1580 2533 1640 desinunt,
2570 1578 2724 1631 istam
2758 1575 2829 1629 ob
2857 1587 3072 1626 causam
3103 1587 3133 1624 a
3175 1570 3385 1623 caeteris

1854 1673 2232 1727 discriminata:
2260 1676 2405 1724 sunt.
2435 1666 2724 1720 Videamus
2755 1678 2899 1717 nunc
2942 1662 3007 1715 ad
3058 1675 3175 1728 quae
3220 1659 3387 1727 perti-

1855 1771 2015 1816 neant
2047 1769 2286 1829 tempora
2314 1758 2528 1825 reliquae
2555 1752 2913 1808 hebdomades
2943 1752 3218 1819 sexaginta
3245 1749 3383 1803 duae.

1855 1848 2036 1902 Nouus
2063 1847 2207 1899 Darii
2238 1859 2412 1898 annus
2448 1844 2599 1911 juxta
2634 1841 2936 1894 Graecorum
2971 1837 3208 1891 historia:
3227 1836 3388 1888 chro~

1855 1940 2119 2007 nologiam
2142 1935 2377 2004 septimae
2404 1941 2456 1986 et
2476 1932 2817 2000 sexagesima:
2838 1927 3132 1998 Olympiadi
3165 1940 3387 1994 respon-

1852 2029 1967 2093 det;
1985 2028 2051 2080 ab
2074 2027 2172 2078 hac
2187 2024 2251 2076 ad
2269 2023 2610 2076 centesimam
2627 2027 2830 2073 sextam
2846 2018 3104 2070 decimam
3119 2014 3388 2083 Olympia-

1853 2119 1995 2181 dem,
2026 2132 2127 2185 qna
2166 2116 2442 2178 Seleucus,
2472 2109 2776 2164 Alexandro
2824 2116 3056 2167 mortuo,
3091 2106 3242 2174 Syria
3275 2111 3386 2156 tota

1854 2222 1916 2261 ac
1952 2207 2239 2276 Babylonia
2269 2204 2472 2273 potitus
2506 2207 2620 2261 est,
2671 2197 2795 2250 anni
2826 2204 2953 2251 sunt
2980 2194 3226 2258 ducenti;
3262 2193 3387 2245 hinc

1854 2297 1920 2350 ad
1953 2304 2173 2350 mortem
2209 2292 2466 2354 Simonis,
2494 2289 2800 2344 Iudaeorum
2831 2285 3025 2341 summi
3068 2284 3384 2345 sacerdotis,

1854 2387 1955 2441 sub
1984 2386 2255 2455 Syriorum
2283 2383 2484 2437 ditione
2511 2389 2710 2449 septem
2737 2386 2790 2433 et
2825 2377 3156 2445 septuaginta
3186 2383 3239 2429 et
3261 2389 3389 2427 cen-

1853 2484 1965 2529 tum
1995 2475 2260 2529 cllluxisse
2293 2489 2464 2527 annos
2506 2472 2713 2541 primus
2742 2468 3164 2523 Machabaeorum
3214 2466 3349 2519 liber
3369 2507 3385 2530 ,

1854 2568 1944 2638 qui
1972 2568 2249 2622 historiam
2300 2567 2367 2621 ad
2416 2564 2683 2617 Simonem
2722 2577 2892 2631 usque
2930 2569 3148 2624 narrat,
3203 2559 3389 2613 memi-

1853 2661 1935 2714 nit
1976 2660 2039 2713 ³⁸.
2073 2658 2277 2713 Rursus
2309 2656 2501 2712 exinde
2552 2654 2887 2710 sacerdotum
2938 2653 3127 2708 seriem
3169 2665 3391 2705 accura-

1854 2751 2061 2805 tissime
2087 2750 2323 2805 referens
2342 2748 2606 2818 Josephns
2635 2747 2731 2817 (2),
2755 2758 2872 2815 post
2905 2745 3173 2799 Simonem
3209 2750 3390 2797 narrat

1855 2839 2134 2909 pratfuisse
2159 2840 2350 2909 populo
2389 2837 2644 2892 Joannem
2674 2845 2725 2891 et
2766 2836 3065 2906 Hyrcanum
3093 2850 3261 2889 annos
3296 2848 3391 2887 no—

1857 2944 1971 2983 rem
2021 2935 2075 2981 et
2142 2926 2369 2996 viginti;
2417 2927 2540 2979 huic
2603 2939 2970 2981 successorem
3027 2921 3390 2979 Aristobulum

1856 3033 2020 3071 unum
2056 3017 2361 3088 regnavisse
2390 3031 2620 3083 annum;
2660 3031 2767 3086 quo
2797 3027 3004 3069 mortuo
3032 3014 3390 3069 Alexandrum

1858 3113 2059 3174 septem
2101 3116 2152 3159 et
2180 3105 2365 3174 viginti
2411 3121 2619 3169 annos,
2673 3114 2726 3160 et
2776 3112 2897 3175 post
2944 3120 3064 3159 eum
3112 3104 3390 3174 conjugem

197 3203 494 3276 λουμένων
526 3200 923 3254 Μακκαϐαῖκῶν
953 3200 1199 3271 σημαίνει
1229 3197 1429 3269 γραφὴ,
1466 3199 1619 3267 μέχρι
1641 3197 1758 3250 τού-

1859 3194 2234 3260 Alexandram,
2264 3196 2328 3249 ad
2367 3210 2524 3269 quam
2572 3209 2757 3250 omnes
2793 3196 2859 3247 ab
2891 3209 3032 3247 anno
3063 3193 3203 3246 Darii
3251 3210 3393 3248 nono

196 3309 299 3348 του
354 3292 764 3360 περιγράφουσα
805 3290 902 3358 τὴν
952 3288 1205 3359 ἱστορίαν.
1255 3287 1416 3339 Πάλιν
1446 3286 1491 3339 δ’
1518 3285 1759 3339 ἐντεῦθεν

198 3383 307 3447 τὰς
342 3379 457 3433 τῶν
485 3379 671 3450 ίερέων
700 3379 940 3448 διαδοχὰς
965 3377 1322 3448 ἀκριϐέστατα
1351 3377 1761 3447 ἐπισημαινόμε-

199 3489 297 3535 νος
350 3473 383 3523 ὁ
426 3466 682 3537 Ἰώσηπος
736 3468 869 3538 μετὰ
912 3469 1125 3537 Σίμωνα
1171 3467 1260 3518 τὸν
1302 3466 1761 3537 προδεδηλωμένον

200 3561 349 3633 φησὶ
381 3558 787 3630 καθηγήσασθαι
822 3558 914 3611 τού
956 3558 1083 3612 λαοῦ
1117 3559 1361 3628 Ἰωάννην
1389 3558 1477 3610 τὸν
1504 3558 1598 3613 καὶ
1636 3558 1758 3627 ’Υρ-

203 3650 387 3704 κανὺν
414 3645 590 3698 ἔτεσιν
634 3644 675 3697 θ’
708 3645 800 3698 καὶ
842 3652 888 3697 κ’
908 3662 921 3675 ⁸
954 3644 1137 3699 τοῦτον
1166 3644 1221 3697 δὲ
1251 3644 1580 3710 διαδέξασθαι
1620 3643 1764 3713 ’Δρι-

204 3737 527 3797 στὸϐουλον,
557 3734 614 3787 ὃν
636 3736 728 3786 καὶ
758 3733 1059 3804 βασιλεῦσαι
1094 3734 1331 3786 ἐνιαυτόν
1350 3750 1363 3765 ο
1398 3734 1532 3804 μετὰ
1563 3733 1617 3786 δὲ
1643 3731 1764 3792 τοῦ·

202 3845 301 3883 τον
340 3823 688 3894 Ἀλέξανδρος
713 3824 853 3877 ἔτεσι
879 3823 979 3889 κζ’,
1012 3823 1127 3893 μεθ’
1150 3823 1207 3875 ὃν
1233 3823 1329 3893 τὴν
1353 3826 1577 3891 γυναῖκα
1615 3821 1762 3874 Ἀλεφ

203 3916 471 3986 ξάνδραν,
505 3915 587 3983 ἐφ’
610 3914 675 3984 ἢν
713 3914 778 3966 τὰ
824 3915 994 3967 πάντα
1020 3915 1125 3968 άπὸ
1154 3914 1339 3967 ἐνάτου
1361 3913 1511 3975 ἔτους
1542 3914 1761 3983 Δαρείου

206 4006 309 4075 ἐτη
349 4003 637 4071 συνάγεται
663 4001 787 4067 υλδ⁹,
822 4005 990 4057 ὁπόσα
1031 4005 1074 4056 δ’
1100 4005 1164 4057 ἂν
1208 4004 1413 4072 γένοιτο
1457 4005 1520 4056 ὲκ
1559 4004 1664 4056 τῶν
1686 4003 1762 4072 εβ⁹

205 4091 528 4160 ἑϐδομάδων
566 4096 620 4145 ὲν
665 4089 751 4157 αἷς
779 4095 826 4147 οί
860 4095 1082 4162 χριστοί
1121 4093 1421 4164 ἡγούμενοι,
1455 4088 1593 4147 οὗτοι
1624 4093 1667 4146 δ’
1699 4093 1764 4146 ἂν

208 4179 330 4237 εἷεν
352 4181 404 4232 oi
425 4180 707 4252 ἀρχιερεῖς,
721 4184 1006 4254 ἀρξάμενοι
1029 4184 1133 4236 άπὸ
1152 4182 1328 4253 Κύρου
1355 4182 1460 4235 τῶν
1473 4182 1564 4235 τοῦ
1586 4182 1765 4245 ἔθνους

211 4269 568 4342 προέστησαν
608 4273 953 4341 πραγμάτων.
984 4271 1255 4343 Πρόδηλον
1293 4272 1402 4342 γὰρ
1442 4272 1547 4324 ἀπό
1584 4288 1641 4323 τε
1666 4272 1764 4341 τῆς

214 4362 380 4433 ἱερᾶς
409 4358 645 4429 Γραφῆς,
676 4362 734 4412 οὐ
772 4362 867 4428 μὲν
902 4361 1049 4433 (μὴν)
1080 4362 1210 4416 ἀλλὰ
1243 4363 1334 4415 καὶ
1360 4362 1462 4415 ἀπὺ
1488 4362 1595 4414 τῶν
1636 4379 1765 4432 προ-

1859 3284 1982 3336 anni
2012 3292 2239 3352 quatuor
2261 3291 2313 3335 et
2345 3283 2557 3349 triginta
2594 3289 2647 3334 et
2694 3281 3064 3348 quadringenti
3106 3280 3354 3335 ellluxere
3374 3319 3389 3345 ,

1859 3373 1951 3441 qui
1989 3380 2114 3427 sunt
2144 3371 2419 3440 sexaginta
2452 3369 2571 3423 duae
2599 3367 2989 3430 hebdomades,
3035 3369 3229 3435 quibus
3259 3383 3392 3437 pra:-

1861 3461 2075 3516 fuerunt
2116 3461 2332 3521 Christi,
2384 3463 2577 3514 summi
2632 3460 2833 3513 scilicet
2869 3459 3193 3519 sacerdotes,
3228 3458 3318 3525 qui
3361 3473 3392 3510 a

1858 3549 1996 3621 Cyro
2014 3550 2192 3620 populi
2210 3549 2367 3602 rebus
2384 3547 2721 3617 praefuerunt.
2751 3545 3125 3601 Constatcnim
3156 3560 3221 3599 ex
3239 3560 3392 3599 sacra

1863 3637 2159 3708 Scriptura,
2214 3651 2421 3691 necnon
2463 3652 2494 3690 e
2542 3636 2724 3690 citatis
2767 3634 2997 3703 Joscphi'
3038 3635 3205 3695 locis,
3251 3634 3393 3703 quod

1861 3736 1981 3799 post
2016 3727 2245 3782 reditum
2280 3725 2630 3797 eBabylone,
2673 3726 2740 3779 ab
2785 3725 2900 3794 ipso
2945 3724 3070 3780 Jesu
3120 3724 3393 3780 sacerdote

1861 3831 2053 3887 magno
2082 3816 2307 3870 ducibus
2335 3822 2387 3868 et
2420 3814 2752 3883 principibus
2778 3815 3032 3868 continua
3065 3814 3201 3868 serie
3224 3811 3393 3868 Judaei

1862 3908 1945 3961 usi
1976 3914 2121 3969 sunt,
2140 3921 2309 3974 usque
2328 3904 2393 3958 ad
2413 3905 2532 3959 illos
2557 3919 2691 3973 quos
2715 3902 2980 3973 Iosephus
3013 3904 3307 3957 Asamonaai
3334 3905 3396 3956 ll.

1861 3997 1962 4050 lios
1990 4004 2164 4059 vocat,
2197 3995 2473 4064 Scriptura
2519 4010 2645 4048 vero
2690 3993 3020 4049 Machabaeos
3063 3993 3391 4055 nominavit,

1861 4100 2086 4155 quorum
2116 4085 2321 4153 primus
2361 4100 2626 4138 summum
2660 4085 2882 4138 obtinuit
2918 4084 3280 4153 pontificatum
3305 4083 3391 4137 Ju-

1862 4174 1958 4228 das
1996 4172 2330 4227 Machabaaus
2386 4173 2738 4241 cognomine,
2799 4174 3096 4242 fugatisque
3148 4173 3393 4226 Antiochi

1863 4259 2088 4315 ducibtts
2119 4261 2313 4329 populo
2332 4260 2559 4327 praefuit.
2591 4259 2720 4316 Post
2742 4277 2864 4315 eum
2893 4263 3054 4315 frater
3090 4261 3206 4329 ejus
3232 4260 3399 4316 Jona-

1862 4349 1983 4404 thas
2011 4363 2278 4403 summum
2328 4349 2488 4402 simul
2534 4351 2897 4419 pontillcatum
2928 4359 2980 4403 et
3011 4352 3191 4420 p0puli
3230 4351 3397 4421 impe-

212 4447 481 4504 τεθεισῶν
504 4446 595 4498 τοῦ
635 4448 888 4518 Ἰωσήπου
918 4450 1123 4519 φωνῶν,
1145 4452 1217 4514 ὡς
1242 4453 1322 4504 ὅτι
1368 4451 1501 4521 μετὰ
1529 4451 1625 4521 τὴν
1658 4452 1760 4504 ἀπὸ

1866 4441 2001 4493 rium
2040 4439 2276 4508 accepit;
2325 4454 2642 4509 rursumque
2674 4441 2790 4508 ejus
2821 4439 2985 4495 frater
3017 4439 3200 4495 Simon
3249 4457 3397 4497 sum-

216 4535 543 4598 Βαϐυλῶνος
572 4536 843 4601 ἐπάνοδον,
894 4538 953 4601 ἐξ
999 4539 1157 4592 αὑτοῦ
1215 4540 1382 4610 Ἰησοῦ
1436 4540 1527 4593 τοῦ
1574 4541 1758 4612 ἱερέως

1866 4543 1983 4582 mus
2015 4526 2113 4581 fuit
2140 4527 2411 4590 sacerdos,
2446 4536 2567 4596 post
2590 4543 2745 4597 quem
2775 4526 3072 4598 Hyrcanus,
3099 4535 3219 4594 post
3241 4543 3396 4597 quem

216 4625 314 4679 τοῦ
376 4622 609 4694 μεγάλου
665 4626 889 4694 ἡγεμόσι
934 4626 1026 4677 καὶ
1068 4626 1286 4696 ἄρχουσι
1320 4630 1427 4690 τοῖς
1463 4626 1601 4681 κατὰ
1644 4627 1759 4680 δια-

214 4712 383 4783 δοχὴν
394 4711 649 4781 ἐχρῶντο,
670 4712 824 4781 μέχρι
839 4707 910 4765 ὧν
926 4714 954 4766 6
976 4712 1224 4785 Ἰώσηπος
1238 4716 1481 4784 ὀνομάζει
1508 4717 1564 4768 Ἀ
1575 4734 1639 4769 σα
1646 4734 1758 4786 μω-

219 4803 373 4856 ναίου
407 4799 627 4863 παίδων,
643 4799 733 4864 οὓς
749 4804 780 4871 ἡ
798 4801 979 4872 Γραφὴ
994 4802 1370 4867 Μακκαϐαίους
1388 4805 1446 4872 (f.
1460 4807 1545 4875 41)
1562 4808 1764 4878 ὠνόμα-

222 4905 337 4953 σεν,
365 4881 668 4958 ὧνπρῶτος
698 4889 1108 4959 άρχιεράτευσεν
1148 4890 1339 4954 Ἰούδας
1358 4893 1386 4945 ὁ
1413 4895 1762 4957 Μακκαϐαῖος

220 4977 560 5049 ιπικληθεὶς,
576 4978 633 5040 ὃς
652 4978 743 5031 καὶ
759 4978 1099 5051 καθηγήσατο
1111 4980 1201 5034 τοῦ
1217 4982 1343 5034 λαοῦ
1366 4983 1486 5045 τοὺς
1500 4983 1760 5054 Ἀντιόχου

221 5071 648 5140 τροπωσάμενος
694 5072 1042 5141 στρατηγούς.
1075 5071 1210 5127 Μεθ’
1233 5070 1291 5125 ὃν
1330 5073 1575 5144 Ἰωνάθης
1612 5072 1761 5126 ἁδελ-

225 5156 325 5224 φὸς
355 5157 521 5210 αὐτοῦ
547 5155 679 5226 ὁμοῦ
706 5157 800 5225 τὴν
823 5159 1356 5230 ἀρχιερωσύνηνθκαὶ
1399 5160 1493 5231 τὴν
1517 5159 1611 5213 τοῦ
1633 5160 1759 5213 λαοῦ

221 5246 577 5317 διαλαμϐάνει
620 5248 945 5315 προστασίαν
964 5264 979 5279 ο
1021 5249 1111 5301 καὶ
1142 5246 1294 5313 αὖθις
1329 5250 1512 5303 τούτου
1546 5249 1763 5319 ἁδελφὸς

225 5338 409 5408 Σίμων
436 5338 744 5407 ἀρχιερεὺς,
771 5337 885 5407 μεθ’
914 5338 972 5391 δν
1012 5339 1286 5410 Ὑρκανὸς,
1322 5340 1437 5411 μεθ’
1461 5340 1519 5396 ὃν
1546 5342 1760 5409 Ἰούδας,

296 5487 365 5522 ⁸³⁸
403 5486 658 5552 Joanmr,
683 5486 767 5540 20.
844 5487 890 5519 ³³
925 5485 945 5539 ι
977 5487 1216 5544 Machab.
1240 5507 1275 5546 ι.

293 5639 376 5711 (1)
401 5639 626 5710 Ioseph.
654 5640 808 5698 Arch.
833 5658 909 5709 ιι,
939 5643 993 5707 ὁ,
1022 5644 1075 5699 8.

1861 4615 2046 4679 Judas,
2084 4618 2176 4685 qui
2205 4626 2258 4671 et
2285 4618 2624 4672 Aristobulus
2654 4618 2849 4680 dictus,
2881 4627 3256 4670 successerunt
3277 4616 3397 4684 :qui

1864 4705 2070 4776 primus
2115 4721 2323 4760 summo
2352 4708 2653 4762 sacerdotio
2680 4721 2947 4775 regnoque
2976 4706 3220 4758 diadema
3255 4705 3402 4772 adje-

1865 4797 1958 4849 cit.
1987 4792 2116 4849 Post
2146 4811 2266 4849 eum
2293 4811 2504 4849 summo
2528 4794 2829 4849 sacerdOtio
2857 4793 3013 4848 simul
3044 4798 3095 4845 et
3126 4791 3273 4861 regia
3305 4805 3400 4860 po-

1866 4890 2057 4938 testate
2105 4892 2341 4953 accepta,
2381 4884 2698 4945 Alexander,
2728 4882 3043 4936 succedente
3065 4880 3114 4932 ei
3148 4881 3400 4947 conjuge,

1867 4980 2110 5027 mortuus
2136 4980 2239 5028 est.
2269 4972 2419 5027 Tunc
2443 4973 2718 5042 completis
2757 4987 2874 5041 qua:
2900 4969 3101 5023 Danieli
3134 4969 3409 5037 praedicta!

1869 5064 2080 5119 fuerunt
2109 5061 2551 5125 hebdomadibus,
2576 5062 2835 5131 imperare
2856 5059 3112 5115 desinunt
3136 5056 3415 5123 principes

1867 5171 1897 5209 e
1942 5152 2310 5209 sacerdotibus
2346 5154 2705 5223 cognominati
2759 5150 2980 5213 christi;
3040 5152 3103 5200 ut
3163 5143 3420 5198 ostende-

1867 5259 2012 5302 retur
2036 5248 2148 5302 haec
2173 5248 2334 5302 verba
2360 5263 2379 5296 ι
2403 5261 2571 5316 usque
2595 5245 2660 5298 ad
2675 5243 2941 5300 cbristum
2961 5233 3289 5309 ducema‘ad
3304 5233 3427 5286 illas

1868 5335 2231 5398 hebdomades
2256 5343 2530 5406 spectare;
2557 5334 2711 5404 quasi
2738 5328 3089 5388 manifestius
3111 5321 3431 5378 diceretur:

1951 5644 2026 5716 (ι)
2058 5640 2274 5713 Ioseph.
2304 5641 2479 5711 Antig.
2516 5656 2607 5708 xx,
2638 5643 2721 5709 it),
2747 5642 2803 5697 3.
