3952 6380
172 378 347 436 “85
1173 379 1460 436 ECLOGA)
1498 375 1959 433 PROPHETICAE.
1997 406 2066 418 --
2100 375 2225 431 LIB.
2262 374 2347 435 Ill.
2764 396 2771 402 δ
3232 380 3369 434 “86

179 493 392 560 μάδων
415 491 523 544 τῶν
539 509 597 546 τε
613 491 886 563 προτέρων
922 488 1065 561 [ν]ζ’,
1083 491 1293 544 καὶτῶν
1307 491 1397 544 ἐπὶ
1412 490 1630 552 ταύταις
1646 490 1742 558 ξβ’,

1853 491 2043 544 tionem
2088 488 2246 543 modo
2280 488 2527 553 fecimus,
2554 473 2937 547 hebdomadam
2991 491 3167 563 [L]vu,
3209 504 3372 545 caue-

173 584 513 654 προφητεία
545 584 641 651 (l),
675 585 732 636 ὲν
767 577 854 644 αἶς
885 582 1021 634 κατά
1049 582 1145 651 τὴν
1176 580 1266 633 τοῦ
1298 581 1481 648 γένους
1503 581 1744 650 διαδοχὴν

174 675 473 743 προσήκει
515 672 910 741 διαλαμϐάνειν,
948 672 1039 723 καὶ
1069 674 1131 741 τῇ
1176 671 1331 739 μέχρι
1374 670 1477 723 τῶν
1516 669 1744 740 Ἡρώδου

170 758 411 828 χρόνων
436 759 644 829 ἱστορίᾳ
667 758 892 828 δηλούσῃ
914 758 1034 819 τοὺς
1054 757 1187 811 κατά
1214 758 1452 826 διαδοχὴν
1479 759 1744 828 ἀρχιερεῖς

166 845 280 898 διὰ
313 848 502 916 πάσης
530 846 739 916 χριστός
759 862 840 908 τις
861 846 951 897 καὶ
982 846 1257 915 ἀρχιερεὺς
1280 848 1458 914 ἡγεῖτο
1482 844 1573 896 τοῦ
1595 844 1739 907 λαοῦ,

166 934 267 997 ὡς
301 935 399 987 διὰ
425 937 571 988 τουτὶ
606 934 847 1005 εἰρῆσθαι
877 935 953 1003 τῷ
977 934 1199 1003 χρησμῷ
1230 935 1306 997 τὸ,
1344 954 1360 983 ι
1395 936 1497 997 ἓως
1526 934 1740 1004 χριστοῦ

165 1022 533 1091 ἡγουμένου,
570 1042 587 1074 ι
624 1022 787 1091 πέρας
817 1022 1027 1091 εἴληφεν
1069 1023 1145 1083 είς
1181 1023 1301 1083 τοὺς
1339 1021 1475 1073 κατὰ
1506 1021 1742 1092 Ἡρώδην

168 1110 451 1179 χρόνους,
495 1112 569 1173 ώς
614 1111 833 1180 δύναμις
881 1112 1028 1179 ἡμῖν,
1059 1110 1363 1179 δεδήλωται.
1413 1109 1534 1173 Πῶς
1580 1110 1623 1161 δ’
1656 1112 1744 1164 ἐπὶ

165 1200 416 1262 τούτοις
465 1201 599 1271 μετά
629 1202 723 1271 τὴν
769 1201 1147 1271 συμπλήρωσιν
1187 1199 1277 1252 τοῦ
1322 1199 1745 1269 προδηλωθὲντος

166 1288 303 1338 τῶν
329 1287 638 1357 ἑϐδομάδων
664 1288 851 1357 χρόνου
887 1306 907 1337 ‹
938 1286 1292 1358 ὲξωλοθρεύθη
1321 1287 1544 1356 χρίσμα,
1571 1289 1648 1340 ὅτι
1674 1289 1745 1358 μὴ

169 1378 382 1447 κρίμα
408 1374 477 1448 ἦν
503 1380 559 1430 ὲν
591 1378 753 1446 αὐτῷ,
788 1397 807 1428 ι
840 1378 1025 1446 ὥσπερ
1051 1379 1094 1429 δ’
1124 1374 1213 1429 οὖν
1244 1378 1303 1430 τὸ
1336 1378 1508 1445 λόγιον
1539 1378 1744 1449 μηνύει,

170 1472 474 1538 σημαῖνον
525 1471 605 1524 ὅτι
650 1468 784 1538 μετὰ
826 1469 1054 1537 κρίσεως
1098 1469 1310 1536 εὐλόγου
1352 1470 1411 1521 τὸ
1448 1470 1649 1540 χρίσμα
1690 1470 1749 1523 τὸ

168 1558 345 1610 κατὰ
395 1560 494 1627 τὴν
524 1558 918 1637 ἀρχιερωσύνην
951 1559 1040 1609 ὲπ¹ι
1074 1558 1165 1609 τοῦ
1198 1558 1514 1628 δηλουμένου
1561 1559 1747 1629 καιροῦ

168 1644 706 1715 συντελεσθήσεται,
752 1644 913 1709 σαφὲς
954 1644 1017 1697 ἂν
1046 1644 1247 1710 γένοιτο
1292 1648 1401 1707 τοῖς
1435 1647 1749 1714 ἐπιστήσασι

167 1734 254 1801 τῇ
305 1749 375 1784 τε
402 1732 495 1784 τοῦ
528 1733 686 1799 νόμου
706 1731 956 1794 διατάξει,
977 1731 1053 1799 (ἐν
1079 1726 1212 1802 ᾗδιά
1238 1731 1351 1799 βίου
1378 1732 1565 1801 μέχρις
1587 1733 1749 1800 αὐτῆς

168 1821 463 1889 τελευτῆς
512 1821 894 1890 προστέτακται
924 1822 1020 1889 τὴν
1066 1820 1460 1891 ἀρχιερωσύνην
1507 1822 1629 1882 τοὺς
1672 1814 1749 1882 οἷς

176 1909 347 1963 κατὰ
374 1908 475 1978 τὴν
493 1907 584 1959 τοῦ
605 1908 789 1974 γένους
808 1907 1046 1977 διαδοχὴν
1063 1910 1319 1977 προσήκει
1333 1906 1748 1975 διαλαμϐάνειν),

178 1999 293 2051 καὶ
321 2000 394 2066 τῇ
443 1995 600 2064 μέχρι
634 1994 737 2047 τῶν
779 1993 1010 2064 Ἡρώδου
1037 1996 1235 2065 χρόνων
1264 1995 1487 2064 ἱστορίᾳ.
1526 1993 1753 2064 δηλούσῃ

174 2089 325 2149 τοὺς
358 2085 503 2139 κατὰ
549 2083 791 2153 διαδοχὴν
829 2086 1093 2154 ἀρχιερεῖς
1119 2082 1205 2136 διὰ
1247 2083 1421 2153 πάσης
1450 2083 1543 2151 τῆς
1579 2082 1752 2136 αὐτῶν

178 2177 351 2246 ζωῆς
374 2176 678 2237 ἀκολούθως
705 2178 770 2244 τῇ
798 2176 923 2244 περί
961 2173 1135 2226 αὐτῶν
1165 2173 1448 2242 νομοθεσίᾳ
1477 2173 1569 2242 τῆς
1594 2172 1754 2241 τιμῆς

176 2264 490 2333 ἠξιῶσθαι.
537 2265 678 2324 ὅπως
706 2278 763 2313 τε
800 2262 916 2313 κατ’
948 2261 1104 2312 αὐτὸν
1139 2258 1375 2330 Ἡρώδην
1403 2260 1461 2310 ού
1497 2259 1650 2328 μόνον
1688 2259 1753 2312 τὰ

179 2353 297 2420 τῆς
337 2350 597 2419 τοιαύτης
629 2349 751 2418 περὶ
792 2348 912 2410 τοὺς
945 2348 1210 2418 ἀρχιερεῖς
1255 2348 1507 2415 διαταγῆς
1541 2347 1752 2414 συγχεῖ-

178 2441 285 2493 ταί
318 2457 387 2493 τε
422 2441 516 2492 καὶ
552 2438 930 2507 διαφθείρεται,
957 2438 1086 2489 ἀλλὰ
1109 2438 1202 2490 καὶ
1231 2437 1329 2506 τῆς
1366 2437 1520 2501 ἁγίας
1548 2436 1750 2504 στολῆς,

181 2532 262 2600 ἣν
289 2528 570 2597 ὑπομόνον
594 2527 709 2597 (sic)
738 2526 860 2595 ὲξῆν
895 2522 1028 2578 εἶναι
1064 2526 1153 2579 τὸν
1192 2526 1465 2597 ἀρχιερέα,
1498 2526 1575 2577 ὅτι
1608 2525 1679 2594 μὴ
1708 2525 1751 2577 δ’

181 2618 381 2689 ἑτέρῳ
413 2617 447 2685 ἢ
481 2615 626 2684 αύτῷ
664 2615 804 2683 μόνῳ
847 2616 902 2666 ὲν
950 2614 1118 2685 ταύτῃ
1160 2613 1482 2684 λειτουργεῖν
1515 2612 1629 2675 ἐξὸν
1666 2607 1751 2681 ἦν,

184 2710 299 2778 τὴν
333 2706 584 2770 ἐξουσίαν
609 2705 800 2767 αὐτοὺς
828 2703 1065 2771 Ἡρώδης
1089 2703 1409 2772 ἀφελόμενος
1435 2704 1520 2769 ὑφ’
1544 2701 1750 2764 ἑαυτὸν,

182 2800 293 2851 καὶ
328 2797 507 2849 ταῦτα
537 2795 822 2863 ἀλλόφυλος
848 2793 942 2855 ὢν,
976 2796 1219 2844 ποιεῖται.
1244 2793 1303 2844 Et
1324 2791 1378 2843 δὲ
1409 2792 1511 2860 χρὴ
1533 2791 1624 2842 καὶ
1643 2789 1753 2841 τούο

184 2910 308 2944 των
340 2888 680 2959 παραθέσθαι
700 2887 968 2956 ἐλέγχους,
993 2886 1141 2954 δέχου
1163 2885 1224 2954 δὴ
1249 2885 1340 2937 τοῦ
1371 2885 1636 2955 μάρτυρος
1657 2884 1753 2947 τὰς

186 2980 396 3048 φωνὰς
423 2978 529 3044 (ἃς)
557 2979 584 3029 ὁ
617 2974 674 3040 ἐξ
711 2976 885 3028 αὐτῶν
919 2975 1179 3044 Ἐϐραίων
1217 2974 1489 3043 Ἰώσηπος,
1522 2978 1616 3043 τῆς
1647 2974 1751 3025 τῶν

1850 592 2135 646 rarumque
2191 584 2312 647 post
2360 579 2478 633 illas
2530 592 2662 642 uti,
2712 581 3008 649 prophetia,
3066 610 3137 622 —-
3175 581 3372 649 quibus

1852 683 2117 722 summum
2174 668 2531 722 sacerdotium
2583 670 2793 737 generis
2834 670 2954 736 jure
2997 670 3205 738 obtigit.
3246 684 3370 722 cum

1856 772 2025 827 usque
2058 758 2122 811 ad
2154 756 2377 811 Herodis
2413 765 2651 825 tempora
2684 772 2869 809 omnes
2898 759 3130 812 ostendit
3150 758 3370 812 historia

1858 849 2161 903 sacerdotes
2212 861 2435 915 magnos
2490 846 2851 900 successionis
2895 849 3011 899 vice
3051 862 3146 915 per
3203 855 3368 899 totam

1851 954 2034 993 eorum
2052 940 2233 1000 vitam,
2263 938 2478 1005 quando
2501 936 2736 991 cbristus
2754 936 2927 1002 quivis
2958 943 3009 990 et
3029 951 3268 989 summus
3292 950 3373 988 sa-

1851 1026 2040 1080 cerdos
2071 1026 2264 1095 popqu
2298 1032 2538 1092 praeerat,
2572 1032 2629 1076 ut
2670 1038 2785 1076 eam
2813 1023 2882 1077 ob
2912 1037 3126 1076 causam
3155 1026 3371 1077 oraculo

1851 1114 2137 1177 diceretur,
2165 1133 2183 1164 ι
2210 1130 2378 1182 usque
2442 1115 2506 1166 ad
2552 1113 2811 1166 cbristum
2870 1112 3056 1164 ducem
3077 1151 3092 1175 ,
3121 1130 3138 1162 ι
3173 1114 3370 1166 exitum

1851 1204 2074 1258 Herodis
2106 1211 2341 1271 tempore
2357 1203 2559 1263 habuit,
2604 1204 2763 1261 sicut.
2797 1209 3056 1270 quantum
3104 1202 3254 1255 licuit
3280 1205 3372 1257 de-

1812 1288 2282 1348 'monstravimus.
2326 1293 2604 1358 Quomodo
2656 1301 2830 1346 autem
2862 1300 2980 1362 post
3035 1307 3373 1347 consumma-

1844 1394 1954 1438 tum
1986 1384 2360 1452 prmdictarum
2392 1383 2781 1436 bebdomadum
2811 1390 3043 1449 tempus,
3071 1400 3090 1432 ι
3120 1382 3372 1436 abolitum

1843 1482 1924 1528 est
1950 1474 2201 1537 chrisma,
2247 1473 2371 1541 quia
2407 1488 2514 1526 non
2543 1472 2804 1540 judicium
2855 1479 2969 1524 erat
2995 1472 3045 1524 in
3075 1487 3159 1534 eo,
3186 1490 3205 1523 ι
3235 1475 3376 1526 sicut

1846 1564 1947 1618 fert
1999 1562 2286 1632 Scriptum
2316 1570 2514 1626 textus,
2560 1563 2865 1632 signiﬁcans
2893 1561 3056 1630 quod,
3092 1569 3211 1630 post
3234 1562 3377 1631 judi-

1845 1655 1983 1708 cium
2043 1652 2295 1722 prudens.
2348 1652 2602 1714 chrisma,
2643 1652 2936 1706 secundum
2974 1668 3240 1706 summum
3289 1667 3377 1710 sa-

1847 1744 2163 1802 cerdotium,
2197 1743 2498 1796 absolutum
2544 1743 2667 1805 erit,
2700 1731 2942 1810 apertum
2985 1751 3128 1797 esset
3160 1743 3244 1798 his
3285 1746 3378 1815 qui

1851 1833 1980 1902 legis
2009 1831 2348 1901 praeceptioni
2399 1831 2657 1885 inhaerent
2688 1835 2830 1900 ‘(qua
2881 1846 2975 1900 per
3019 1840 3181 1885 totam
3214 1836 3378 1888 vitam

1850 1936 2018 1989 usque
2042 1921 2105 1973 ad
2140 1931 2361 1974 mortem
2384 1936 2650 1974 summum
2670 1921 2969 1974 sortiuntur
2997 1923 3378 1989 sacerdotium,

1849 2009 2045 2077 quibus
2110 2010 2210 2062 hoc
2269 2024 2464 2061 munus
2527 2010 2736 2077 generis
2789 2011 2909 2078 jure
2966 2009 3197 2080 obtigit),
3221 2017 3381 2080 atque

1850 2114 2020 2168 usque
2082 2098 2147 2151 ad
2200 2098 2424 2153 Herodis
2476 2109 2683 2166 tempus
2724 2100 2966 2161 historia,
2994 2115 3112 2168 quae
3147 2100 3380 2154 ostendit

1846 2188 1967 2256 jure
2001 2187 2360 2241 successionis
2379 2188 2683 2242 sacerdotes
2712 2205 2949 2243 summos
2980 2190 3081 2242 hac.
3123 2190 3380 2258 dignitate

1850 2285 2119 2345 pertotam
2158 2278 2318 2331 vitam
2346 2278 2638 2332 secundum
2690 2280 2831 2332 illam
2874 2280 3259 2348 legislationem
3284 2295 3382 2348 po-

1852 2367 1998 2428 titos,
2033 2366 2173 2434 quod
2231 2365 2438 2421 Herode
2492 2380 2747 2437 regnante
2793 2385 2896 2422 non
2932 2370 3096 2424 modo
3121 2371 3233 2424 haec
3263 2371 3379 2439 ipsa

1851 2457 1917 2509 de
1946 2456 2171 2508 smumis
2192 2456 2559 2510 sacerdotibus
2591 2457 2671 2510 lex
2702 2459 2952 2524 abrogata
3000 2466 3053 2510 et
3077 2459 3246 2512 deleta
3275 2467 3377 2525 est,

1852 2544 1944 2598 sed
1965 2551 2016 2596 et
2047 2551 2233 2597 sancta
2264 2545 2450 2605 vestis.
2483 2560 2586 2612 qua
2611 2547 2783 2598 solum
2810 2546 2956 2599 indui
2987 2547 3067 2602 [με
3095 2555 3209 2601 erat
3232 2563 3382 2602 sum-

1852 2649 1997 2686 mum
2050 2633 2402 2695 sacerdotem,
2434 2650 2701 2703 quamque
2750 2636 2882 2689 nulli
2934 2637 3036 2690 nisi
3070 2638 3171 2705 ipsi
3199 2636 3300 2691 soli
3324 2638 3380 2690 in

1852 2724 2179 2778 solemnibus
2208 2725 2401 2777 ritibus
2432 2723 2571 2778 ferre
2598 2725 2805 2778 licitum
2831 2734 2965 2790 erat,
2988 2736 3272 2796 postquam
3313 2729 3381 2782 ab

1852 2810 1917 2864 iis
1939 2809 2229 2864 detractam
2284 2812 2408 2874 sibi,
2442 2826 2562 2865 cum
2589 2822 2731 2868 esset
2778 2814 3093 2884 alienigena.
3147 2814 3382 2871 Herodes

1852 2898 2160 2967 assumpsit.
2193 2897 2433 2964 Quorum
2470 2900 2514 2953 si
2533 2900 2850 2954 documenta
2905 2912 3029 2956 sunt
3078 2903 3380 2971 praebenda,

1852 2986 2004 3039 testis
2028 2987 2347 3042 adhibeatur
2384 2987 2675 3041 Hebraicus
2702 2989 2816 3057 ipse
2844 2987 3127 3058 Iosephus,
3174 3006 3383 3045 necnon

186 3070 404 3140 ἱερέων
446 3069 538 3119 καὶ
573 3065 728 3127 αὐτὸς
758 3063 1049 3132 ἠξιωμένος
1085 3063 1267 3130 τιμῆς,
1309 3063 1400 3114 καὶ
1450 3063 1633 3129 γένους
1660 3060 1752 3113 τοῦ

1853 3076 2138 3128 sacerdotii
2169 3075 2426 3145 dignitate
2470 3078 2787 3140 honoratus,
2833 3088 2887 3132 et
2915 3095 3106 3147 genere
3120 3080 3258 3149 apud
3291 3095 3384 3134 eos

185 3163 334 3231 παρ’
369 3160 553 3218 αὐτοῖς
581 3150 1014 3223 διαφανεστάτου,
1042 3157 1097 3206 ὲν
1118 3154 1340 3223 εἰκοστῷ
1366 3158 1462 3222 τῆς
1501 3156 1755 3221 Ἀρχαιο-

184 3251 424 3318 λογίας
447 3244 811 3298 κατατέθειται
831 3243 1231 3311 συγγράμματι.
1263 3242 1393 3311 Περὶ
1421 3242 1515 3310 μὲν
1539 3238 1628 3294 οὖν
1658 3242 1753 3310 τῆς

182 3338 309 3390 τῶν
323 3331 628 3402 ἀρχιερέων
640 3329 987 3398 παρατροπῆς
1002 3322 1101 3380 ὧδέ
1114 3344 1226 3391 πως
1234 3327 1371 3380 κατὰ
1385 3326 1521 3391 λέξιν
1537 3328 1752 3396 γράφει.

273 3445 297 3476 α
344 3424 463 3489 Τὴν
496 3419 551 3471 δὲ
585 3418 851 3488 βασιλείαν
882 3416 1121 3487 Ἡρώδης
1145 3415 1290 3485 παρὰ
1318 3415 1645 3493 (Ῥωμαίων
1667 3417 1758 3482 εγ-

186 3508 528 3584 χειρισθεὶς,
542 3507 716 3558 οὐκέτι
728 3505 849 3566 τοὺς
863 3505 923 3554 ἐκ
938 3504 1028 3555 τοῦ
1044 3502 1403 3573 Ἀσαμωναίου
1414 3502 1597 3567 γένους
1616 3501 1713 3554 καθ
1722 3502 1758 3553 ί-

191 3615 405 3672 στησιν
432 3599 717 3666 ἀρχιερεῖς,
737 3595 868 3648 ἀλλά
882 3610 1017 3647 τισιν
1031 3593 1258 3662 ἀσήμοις
1277 3593 1368 3644 καὶ
1382 3593 1477 3643 οὐκ
1498 3590 1553 3655 εξ
1573 3592 1755 3660 ἱερέων

184 3687 386 3749 οὖσιν,
409 3686 545 3755 πλὴν
568 3685 680 3745 ὲνδς
717 3680 1131 3752 Ἀριστοϐούλου,
1163 3679 1257 3748 τὴν
1287 3680 1446 3748 τιμὴν
1470 3679 1754 3747 ἀπένεμεν·

191 3782 296 3833 τὸν
356 3777 416 3829 δὲ
472 3773 884 3845 Ἀριπόὸουλον,
925 3769 1183 3841 Ὑρκανοῦ
1225 3768 1317 3821 τοῦ
1374 3768 1479 3821 ἀπὸ
1532 3767 1755 3837 Παρθῶν

196 3863 772 3939 αἱχμαλωσιασθέντος
801 3861 911 3913 υἱὸν
961 3861 1084 3911 ὄντα
1115 3859 1449 3927 καταστήσας
1484 3857 1756 3926 ἀρχιερέα,

196 3961 273 4029 τῇ
300 3953 507 4021 ἀδελφῇ
546 3951 707 4004 αὐτοῦ
731 3950 1004 4017 συνῴκησε
1038 3947 1361 4017 Μαριάμμῃ,
1388 3947 1484 4015 τὴν
1509 3946 1600 3998 τοῦ
1632 3946 1759 4016 πλή-

196 4048 342 4105 θους
377 4043 508 4111 πρὸς
553 4042 737 4094 ἑαυτὸν
764 4039 822 4108 (f.
855 4038 943 4107 42)
974 4036 1279 4107 θηρώμενος
1308 4033 1512 4087 εὔνοιαν
1547 4034 1633 4087 διὰ
1661 4033 1757 4103 τὴν

209 4130 499 4203 ’Υρκανοῦ
528 4132 763 4200 μνήμην·
795 4125 911 4182 εἶτα
945 4126 1195 4197 φοϐηθεὶς
1223 4125 1294 4194 μὴ
1324 4126 1455 4195 πρὸς
1487 4125 1574 4178 τὸν
1614 4126 1757 4194 Ἀρι-

201 4217 508 4277 πόόουλον
543 4220 733 4280 πάντες
755 4212 1125 4276 ἀποκλίνωσιν,
1150 4215 1350 4268 ἀνεῖλεν
1382 4215 1539 4267 αὐτὸν
1571 4217 1627 4267 ὲν
1662 4215 1758 4267 ἰε-

205 4309 381 4384 ριχῷ,
425 4310 672 4375 πνιγῆναι
707 4312 1140 4379 μηχανησάμενος
1185 4309 1550 4379 κολυμϐῶντα,
1584 4308 1759 4371 καθὼς

1857 3165 2294 3230 prmclarissimo,
2355 3170 2444 3233 qui
2497 3167 2552 3219 in
2597 3169 2853 3221 vicesimo
2892 3169 3264 3239 Archwologiw
3323 3172 3387 3223 li-

1852 3252 1951 3303 bro
1995 3252 2109 3304 haec
2162 3253 2399 3308 disserit.
2452 3254 2563 3309 Hoc
2615 3256 2779 3323 igitur
2836 3256 2994 3310 modo
3053 3258 3384 3313 immutatam

1855 3341 2049 3393 summi
2067 3341 2350 3395 sacerdotii
2377 3346 2773 3398 successionem
2804 3345 3063 3400 describit
3087 3367 3101 3400 :

1927 3447 1945 3479 ι
1986 3429 2243 3497 Herodes,
2269 3448 2389 3486 cum
2424 3448 2453 3487 a
2483 3434 2738 3489 Romanis
2771 3452 2993 3506 regnum
3039 3439 3382 3505 obtinuisset,

1857 3534 1962 3573 non
1980 3520 2090 3589 jam
2115 3516 2459 3579 Asamonaeos
2485 3540 2724 3579 summos
2752 3528 3029 3581 constituit
3055 3529 3385 3594 sacerdotes,

1855 3610 1947 3665 sed
1985 3612 2123 3665 hanc
2143 3613 2454 3681 dignitatem
2488 3615 2807 3683 quibusdam
2836 3618 3090 3687 indignis.
3143 3633 3240 3672 nec
3287 3635 3378 3674 sa-

1854 3699 2107 3752 cerdotali
2132 3716 2325 3767 genere
2371 3703 2532 3764 natis,
2564 3715 2752 3772 praeter
2794 3721 2958 3759 unum
2998 3706 3386 3773 Aristobulum,

1860 3790 2169 3858 assignavit.
2203 3790 2570 3845 Aristobulum
2609 3808 2753 3857 vero,
2781 3792 3011 3864 Hyrcani
3036 3798 3302 3864 quondam
3333 3799 3388 3853 in

1856 3880 2214 3946 captivitatem
2244 3894 2274 3933 a
2307 3880 2518 3936 Parthis
2545 3882 2759 3935 abducti
2790 3885 2973 3947 tilium,
2998 3900 3264 3940 sunuuum
3303 3903 3391 3943 sa-

1856 3968 2122 4021 cerdotem
2155 3971 2433 4023 constituit
2482 3986 2826 4041 sororemque
2862 3960 2978 4041 ejus
3029 3974 3245 4028 Mariam
3283 3976 3386 4031 sibi

1856 4055 2199 4110 matrimonio
2250 4058 2508 4121 devinxit,
2545 4061 2900 4115 multitudinis
2929 4067 3154 4131 gratiam
3192 4065 3293 4119 sibi
3321 4067 3390 4120 ob

1864 4143 2093 4214 Hyrcani
2117 4148 2426 4201 memoriam
2456 4158 2708 4217 captans;
2762 4157 2948 4218 postea
2984 4153 3177 4205 timens
3217 4169 3283 4206 ne
3320 4154 3388 4209 ad

1857 4233 2219 4288 Aristobulum
2264 4252 2452 4292 omnes
2504 4237 2843 4302 inclinarent,
2895 4243 3113 4295 sustulit
3158 4258 3277 4296 eum
3335 4243 3390 4297 in

1855 4320 2087 4387 Jericho,
2122 4333 2390 4380 natantem
2427 4328 2580 4395 aquis
2605 4342 2835 4382 mersum
2852 4345 2970 4385 esse
3002 4335 3225 4401 ﬁngens.
3252 4333 3392 4387 sicut

202 4400 317 4469 ήδη
353 4392 744 4462 δεδηλώκαμεν.
776 4396 921 4447 Μετά
958 4398 1138 4449 τοῦτον
1172 4396 1347 4448 οὐκέτι
1390 4398 1500 4458 τοῖς
1525 4396 1752 4462 ἐγγόνοις

1855 4410 1965 4478 jam
1994 4414 2346 4469 ostendimus.
2380 4414 2496 4479 Quo
2520 4415 2835 4484 interempto
2870 4433 3141 4487 nunquam
3165 4418 3392 4473 Asamo-

203 4488 324 4541 τῶν
360 4483 728 4552 Ἀσαμωναίου
750 4484 948 4536 παίδων
977 4486 1073 4553 τὴν
1094 4487 1488 4557 ἀρχιερωσύνην
1519 4486 1762 4539 ἐπίστευ-

210 4595 331 4632 σεν.
360 4574 605 4644 Ἐπραξε
628 4574 684 4625 δὲ
707 4575 862 4643 ὃμοια
886 4574 961 4643 τῷ
992 4576 1199 4646 Ἡρώδῃ
1230 4578 1350 4646 περὶ
1378 4578 1473 4645 τῆς
1498 4576 1762 4628 καταστά-

212 4681 361 4727 σεως
390 4662 500 4716 τῶν
532 4661 824 4731 ἀρχιερέων
871 4661 1147 4730 Ἀρχέλαός
1174 4678 1232 4714 τε
1265 4666 1294 4714 ὁ
1319 4666 1442 4725 παῖς
1468 4663 1649 4724 αὑτοῦ,
1672 4664 1764 4716 καὶ

216 4756 364 4825 μετὰ
389 4752 575 4806 τοῦτον
616 4752 713 4821 τὴν
743 4750 911 4820 ἀρχὴν
945 4751 1194 4820 Ῥωμαῖοι
1229 4752 1335 4804 τῶν
1371 4754 1630 4805 Ἰουδαίων
1662 4770 1764 4805 πα-

219 4844 569 4916 ραλαϐόντες.
602 4859 620 4890 ι
749 4911 766 4921 _

289 4955 478 5009 Ταῦτα
526 4952 622 5022 μὲν
648 4950 770 5022 περὶ
804 4949 1003 5002 τούτων
1042 4952 1070 5002 ὁ
1100 4950 1383 5020 Ἰώσηπος·
1426 4950 1550 5019 περὶ
1585 4951 1639 5003 δὲ
1668 4952 1763 5020 τῆς

217 5042 612 5120 ἀρχιερατικῆς
646 5039 832 5109 στολῆς
863 5041 920 5092 ἐν
946 5040 1021 5109 τῷ
1057 5039 1493 5107 ὀκτωκαιδεκάτῳ
1518 5041 1612 5109 τῆς
1644 5043 1765 5108 ’Ap.

221 5131 572 5205 χαιολογίας
597 5128 764 5181 ταῦτα
799 5129 1011 5198 ἱστορεῖ⁹

302 5262 322 5293 ι
356 5237 601 5310 Ἡρώδης
633 5237 689 5289 δὲ
728 5236 1039 5305 βασιλεύσας
1072 5237 1165 5307 τήν
1188 5252 1243 5287 τε
1275 5235 1427 5305 βάριν
1470 5233 1667 5306 ταύτην
1707 5237 1763 5290 ὲν

294 5374 373 5492 ᾖ)
401 5370 529 5450 Seq.
559 5370 638 5423 sic
665 5369 962 5437 supplenda
997 5378 1049 5422 et
1087 5368 1303 5437 legenda
1337 5382 1421 5420 me
1459 5369 1662 5429 monuit
1693 5369 1762 5425 M.

350 5440 576 5492 outlnus
605 5439 727 5490 coll.
782 5438 952 5492 Maad.
995 5452 1191 5492 Drmses
1223 5453 1235 5486 :
1273 5436 1589 5492 προφητεία,
1619 5468 1687 5478 -
1710 5441 1762 5490 ὲν

221 5438 271 5494 J.
304 5436 576 5493 Routhius
605 5436 747 5490 coll.’
782 5438 952 5506 Magd.
995 5452 1191 5556 Era‘ses
1223 5436 1589 5514 :_ﬂpo<p'q‘r££a,
1619 5468 1687 5478 -
1710 5441 1766 5490 ὲν

225 5504 313 5571 αἷς
340 5509 438 5583 τῂν
463 5504 864 5583 ἀρχιερωσύνην
892 5520 992 5556 κατ
1012 5573 1024 5583 ι
1055 5505 1150 5583 silv
1178 5522 1273 5583 του
1304 5503 1489 5581 γένους
1524 5503 1766 5583 ᾆξφδοχὴν

227 5572 914 5647 προσήκειδιαλαμξάνειν,
944 5573 1034 5624 καὶ
1071 5572 1169 5647 τῆς
1211 5572 1365 5647 μέχρι
1392 5572 1506 5647 τῶν.
1530 5572 1765 5647 Ἠωυ

228 5638 434 5716 χρόνων
464 5642 699 5712 ἱστορίας
724 5639 980 5711 δηλούσης
1007 5638 1136 5704 τοὺς
1153 5638 1289 5694 κατὰ
1304 5638 1552 5710 διαδοχὴν
1583 5638 1767 5711 ἀρχιε-

1861 4502 1959 4555 nati
1996 4504 2117 4557 tiliis
2146 4519 2409 4556 summum
2435 4504 2662 4557 credidit
2687 4506 3064 4561 sacerdotium.
3101 4505 3217 4575 Egit
3246 4508 3394 4562 simio

1868 4592 1986 4644 liter
2044 4594 2097 4644 in
2150 4594 2408 4661 eligendis
2475 4596 2700 4649 summis
2744 4596 3117 4649 sacerdotibus
3162 4594 3390 4649 Herodis

1861 4683 2358 4746 ﬁliUS'Archelaus,
2408 4692 2566 4753 atque
2608 4694 2727 4753 post
2762 4700 2881 4738 eum
2922 4684 3146 4738 Romani
3179 4682 3391 4738 Iudaic-

1860 4789 1977 4827 rum
2006 4773 2286 4842 imperium
2316 4774 2588 4828 consecuti
2617 4773 2712 4843 (2).
2756 4790 2776 4823 ι

1929 4973 2049 5027 Haec
2078 4972 2289 5041 quidem
2329 4970 2394 5024 de
2432 4970 2515 5023 his
2551 4968 2814 5040 Iosephus
2845 4988 2858 5024 :
2886 4985 3067 5023 verum
3109 4968 3175 5021 de
3212 4981 3392 5022 sacer-

1863 5066 2022 5120 dotali
2048 5072 2192 5117 veste
2233 5063 2283 5115 iu
2312 5070 2500 5117 octavo
2531 5072 2584 5116 et
2615 5062 2822 5116 decimo
2857 5059 3221 5129 Archazologiae
3253 5059 3394 5115 libro

1862 5156 1973 5209 haec
2007 5162 2186 5206 narrat
2210 5169 2222 5202 :

1936 5262 1953 5293 ι
1994 5240 2229 5295 Herodes
2258 5258 2351 5295 rex
2385 5240 2486 5295 hoc
2513 5242 2931 5295 calceamentum
2964 5238 3394 5296 commodissime

1864 5374 1973 5493 Ξεῖς
1999 5370 2094 5455 διὰ⁸
2117 5373 2292 5456 πάσης
2321 5372 2418 5440 τῆς
2440 5372 2620 5451 αὐτῶν
2643 5371 2805 5456 ζωῆς,
2828 5370 2913 5422 ὅτε
2950 5371 3164 5455 χριστός
3184 5384 3271 5434 τις
3300 5372 3395 5451 κα)

1903 5456 2141 5493 ογιεοευς
2169 5443 2348 5493 ήγειτο
2376 5458 2466 5493 του
2498 5441 2646 5493 λαου.
2668 5457 2741 5493 ως
2767 5439 2852 5492 διὰ
2874 5444 3019 5493 τουτὶ
3050 5438 3296 5493 ειοησθαι
3318 5455 3395 5493 τω

1902 5438 2348 5511 ρχιερεὺςλήγεῖτο
2376 5438 2466 5493 τοῦ
2498 5440 2646 5511 λαοῦ,
2668 5438 2751 5502 ὡς
2767 5439 2852 5511 διὰ
2874 5438 3019 5493 τουτὶ
3050 5438 3296 5511 εξρῆσθαι
3318 5438 3396 5508 τῷ

1864 5508 2089 5581 χρησμῷ
2112 5508 2198 5573 τὸ,
2217 5510 2319 5581 ἕως
2344 5508 2559 5581 χριστοῦ
2588 5508 2884 5581 ἡγουμένου
2899 5550 2915 5577 ,
2938 5539 3008 5551 -
3031 5508 3221 5581 πέρᾱς.

1934 5578 2012 5647 (2)
2042 5578 2258 5647 Ioseph.
2286 5578 2461 5647 Antiq.
2490 5593 2578 5644 xx,
2618 5579 2702 5642 ll,
2746 5578 2801 5632 5.
