3952 6392
248 376 395 432 “89

1219 376 1502 432 ECLOGA:
1541 375 2236 433 ριιοΡΗΕτιοι.-ι.ιθ.
2275 374 2367 430 ill.

3298 383 3433 440 H90

247 491 517 546 ἐκδέδωκε
571 495 832 563 ποιήσας,
869 510 888 542 ι
921 492 1026 545 Καὶ
1072 493 1168 560 τὴν
1217 493 1366 545 πόλιν
1415 495 1506 547 καὶ
1549 494 1608 546 τὸ
1657 493 1798 561 ἅγιον

1906 491 2064 545 modo
2130 491 2360 559 populus
2424 488 2798 558 exercitusque
2864 491 3091 546 istorum
3154 493 3248 560 qui
3310 501 3432 562 post

242 581 528 653 διαφθερεῖ
585 583 709 645 λαὸς
755 583 1050 652 ἡγουμένου
1100 584 1409 653 ἐρχομένου.
1437 604 1454 635 ι
1502 585 1606 636 Καὶ
1667 585 1798 655 πρό-

243 673 411 741 δηλον
460 676 606 736 ὅπως
654 676 682 725 6
725 674 848 736 λαὸς
897 677 988 727 καὶ
1031 675 1059 725 6
1105 675 1327 743 στρατὸς
1363 675 1468 726 τῶν
1501 674 1634 743 μετὰ
1677 677 1801 736 τοὺς

242 764 506 831 χριστοὺς
555 765 884 832 ἡγουμένους
945 763 1038 832 τὴν
1103 764 1242 816 κατὰ
1317 763 1573 816 Ἰουδαίων
1629 763 1799 833 ἀρχὴν

242 853 646 923 διαδεξαμένων
703 855 759 919 ἐξ
811 855 974 906 ἐθνῶν
1017 855 1326 923 ἡγουμένων
1353 895 1368 916 ,
1414 855 1592 924 νόμοις
1635 853 1799 907 ἐθνῶν

243 939 554 1012 χρώμενος,
607 942 698 994 καὶ
746 943 842 1010 τὴν
881 943 1026 994 πόλιν
1074 945 1165 996 καὶ
1211 943 1270 994 τὸ
1310 943 1458 1009 ἅγιον
1513 943 1797 1013 διέφθειρε,

245 1029 345 1082 καὶ
380 1032 409 1082 6
438 1031 578 1082 κατὰ
616 1031 844 1084 διάνοιαν
882 1031 936 1083 δὲ
977 1031 1082 1083 τῶν
1124 1031 1304 1100 ψυχῶν
1349 1031 1641 1101 ἡγούμενος
1675 1033 1798 1100 φθοο

244 1119 384 1186 psi);
430 1121 527 1172 σὺν
575 1119 652 1189 τῷ
697 1121 975 1189 ἡγουμένῳ
1022 1120 1097 1188 τῷ
1141 1122 1278 1173 κατὰ
1321 1121 1418 1190 τὴν
1471 1122 1798 1191 προφητείαν

242 1205 534 1275 ἐληλυθότι
580 1211 753 1261 πᾶσαν
785 1208 983 1278 φθορὰν
1021 1210 1352 1278 ἐνηργήσατο
1383 1210 1528 1279 αὐτῷ
1573 1227 1631 1262 τε
1669 1212 1799 1280 πρός

235 1313 410 1370 τερον
459 1301 537 1369 τῷ
581 1300 713 1370 λαῷ,
757 1303 981 1362 καὶτοῖς
1026 1301 1122 1368 τὴν
1156 1301 1304 1354 πόλιν
1346 1301 1604 1354 ἐνοικοῦσι
1655 1303 1798 1377 πολί-

239 1402 394 1448 ταις,
434 1386 620 1440 ἔπειτα
663 1389 716 1440 δὲ
757 1391 850 1441 καὶ
898 1390 974 1458 τῷ
1013 1388 1127 1458 ναῷ
1166 1391 1257 1442 κα)⁴
1297 1394 1360 1460 τῇ
1409 1391 1567 1444 πάλαι
1616 1408 1797 1443 συντε-

239 1474 492 1548 λουμένῃ
519 1479 572 1528 ὲν
606 1477 748 1546 αὑτῷ
777 1477 1012 1547 λατρεία.
1037 1479 1142 1531 Καὶ
1169 1479 1366 1548 ταύτην
1399 1497 1460 1547 γε
1498 1481 1672 1532 αἰτίαν
1702 1485 1796 1550 τῆς

240 1565 574 1632 παραυτίκα
643 1566 1004 1633 γεγενημένης
1063 1565 1154 1618 τοῦ
1216 1567 1446 1635 Χριστοῦ
1504 1569 1796 1638 παρουσίας

239 1651 630 1718 προσημαῖνόν
662 1668 758 1702 που
780 1651 915 1704 θεῖον
935 1652 1108 1718 λόγιόν
1147 1670 1323 1722 φησιν’
1354 1673 1371 1703 ι
1397 1655 1594 1724 Κύριος
1616 1657 1678 1707 ἐκ
1703 1655 1794 1708 τοῦ

239 1735 490 1806 οὐρανοῦ
514 1737 753 1806 διέκυψεν
785 1739 874 1790 ἐπὶ
911 1741 1031 1800 τοὺς
1057 1741 1202 1800 υἱοὺς
1229 1739 1334 1791 τῶν
1366 1739 1681 1810 ἀνθρώπων,
1704 1740 1794 1793 τοῦ

244 1824 388 1877 ἰδεῖν
416 1826 466 1876 εί
505 1825 614 1876 ἐστι
663 1825 868 1885 συνιὼν,
899 1826 929 1894 ἢ
958 1826 1196 1895 ἐκζητῶν
1247 1827 1336 1878 τὸν
1386 1829 1534 1880 Θεόν.
1591 1829 1794 1890 Πάντες

239 1913 553 1978 ἐξέκλιναν,
586 1915 697 1982 ἃμα
719 1914 1112 1985 ὴχρειώθησαν,
1129 1917 1224 1968 ούκ
1256 1917 1367 1969 ἔστι
1384 1917 1547 1969 ποιῶν
1569 1919 1795 1988 χρηστό-

237 2021 415 2074 τητα,
446 2005 543 2056 ούκ
573 2005 717 2056 ἐστιν
740 2006 840 2068 ἕως
867 2006 997 2068 ἑνός.
1023 2026 1040 2055 ι
1077 2003 1188 2058 Εἶθ’
1211 2007 1283 2069 ὼς
1321 2007 1666 2077 διεφθορότων
1689 2010 1796 2061 τῶν

239 2093 742 2163 προδεδηλωμένων
759 2094 824 2146 τὰ
844 2094 1204 2164 διαληψόμενα
1224 2097 1414 2159 αὐτοὺς
1436 2098 1796 2168 προδιδάσκων

239 2186 268 2235 6
303 2183 474 2250 λόγος
497 2183 650 2253 φησί’
689 2203 705 2233 ι
739 2185 848 2236 Καὶ
882 2186 1201 2253 κοπήσονται
1226 2187 1282 2236 ἐν
1315 2186 1389 2254 τῷ
1415 2186 1793 2257 κατακλυσμῷ,

240 2273 344 2325 καὶ
380 2274 477 2323 ἐπὶ
503 2273 750 2324 τοσοῦτόν
778 2289 838 2340 γε
865 2274 1208 2342 κοπήσονται,
1229 2272 1329 2336 ἓως
1351 2274 1533 2337 τέλους
1566 2275 1795 2345 πολέμου

242 2362 692 2431 συντετμημένου
725 2364 1072 2430 ἀφανισμοῖς·
1098 2379 1115 2412 ι
1158 2362 1236 2414 ἔτι
1290 2363 1343 2414 δὲ
1376 2363 1572 2416 τούτων
1620 2381 1798 2418 συντε-

239 2447 340 2499 λου
349 2447 532 2516 μένων
560 2464 617 2498 τε
643 2449 733 2500 καὶ
755 2449 1169 2517 ἐνεργουμένων,
1195 2467 1212 2497 ι
1235 2450 1340 2501 Καὶ
1371 2450 1665 2520 δυναμὼσει
1685 2453 1795 2504 δια-

241 2537 436 2606 θήκην
465 2536 673 2597 πολλοῖς
711 2535 936 2604 ἑϐδομὰς
990 2537 1104 2604 μία.
1131 2556 1147 2585 ι
1190 2537 1334 2604 Α’ύτη
1366 2539 1409 2591 δ’
1439 2538 1503 2591 ἂν
1535 2541 1614 2609 εἴη
1649 2543 1679 2608 ἡ
1705 2541 1796 2592 τοῦ

242 2627 530 2695 σωτηρίου
565 2625 928 2695 κηρύγματος,
961 2627 1024 2678 δι’
1053 2623 1112 2679 οὗ
1139 2627 1235 2695 τῆς
1268 2629 1470 2696 Καινῆς
1500 2629 1597 2698 τὴν
1623 2630 1797 2699 παρά-

236 2717 400 2769 δοσιν
429 2715 698 2784 Διαθὴκης
737 2715 764 2764 ὁ
805 2716 988 2786 Σωτὴρ
1018 2718 1108 2768 καὶ
1159 2717 1355 2786 Κύριος
1394 2717 1547 2786 ἡμῶν
1598 2718 1798 2787 Ἰησοῦς

237 2803 494 2874 Χριστὸς
542 2805 597 2854 ἐν
653 2802 859 2864 πολλοῖς
908 2802 1310 2871 μαθητευθεῖσιν
1369 2805 1511 2874 αύτῷ
1556 2806 1796 2860 ἐνεδυνά-

241 2906 444 2961 μωσε·
485 2891 604 2942 τοτέ
638 2892 730 2958 μὲν
766 2890 868 2960 πρὸ
910 2890 1002 2941 τοῦ
1044 2889 1240 2953 πάθους
1277 2891 1444 2943 συνὼν
1487 2893 1664 2954 αὐτοῖς
1708 2895 1798 2945 καὶ

239 2979 799 3049 συμπολιτευόμενος,
841 2982 958 3030 τοτέ
983 2980 1037 3030 δὲ
1075 2981 1163 3030 καὶ
1199 2998 1215 3028 ι
1247 2980 1380 3046 μετὰ
1410 2981 1504 3048 τὴν
1542 2982 1797 3050 ἀνάληψιν

1897 579 2130 634 cbristos
2185 578 2352 632 duces
2406 579 2460 630 in
2517 576 2729 631 Judaos
2787 580 3069 649 imperium
3126 583 3431 649 obtinuere,

1896 668 2130 737 gentium
2189 682 2320 721 usus
2372 667 2598 736 legibus,
2647 669 3026 739 civitatemque
3077 680 3132 726 et
3176 683 3432 728 sanctua-

1897 757 2034 809 rium
2095 755 2478 826 pessumdcdit,
2521 765 2575 810 et
2619 759 2882 826 spirituali
2919 776 3078 816 sensu
3127 763 3428 818 animarum

1896 848 2050 916 quasi
2101 848 2266 916 pestis
2297 835 2492 911 factus,
2529 863 2648 901 cum
2697 847 2832 902 duce
2861 851 2972 918 qui,
3000 853 3154 919 juxta
3196 856 3429 924 propheo

1895 931 2047 993 tiam,
2069 934 2176 1000 jam
2211 942 2447 998 venerat,
2491 948 2701 986 omnem
2730 937 3021 1002 perniciem
3055 940 3106 991 in
3139 944 3426 1008 pristinum

1896 1022 2147 1090 p0pulum
2167 1031 2326 1090 atque
2355 1023 2407 1076 in
2423 1023 2653 1076 civitatis
2673 1023 2903 1084 incolas,
2931 1025 3051 1079 dein
3071 1029 3124 1080 in
3148 1032 3424 1098 templum,

1895 1119 2234 1178 veteremque
2292 1113 2493 1164 cultum
2546 1112 2598 1163 in
2650 1126 2713 1165 eo
2771 1113 3029 1166 usitatum
3080 1119 3423 1185 excogitavit.

1895 1197 2045 1252 Hanc
2069 1213 2194 1252 vero
2221 1213 2440 1252 causam
2469 1198 2669 1252 Christi
2727 1199 3112 1254 incarnationis
3155 1219 3272 1271 qua:
3301 1221 3424 1274 pro-

1895 1289 2042 1342 tinus
2067 1289 2205 1340 facta
2236 1295 2338 1350 est,
2388 1288 2780 1355 quodammodo
2812 1293 3044 1345 ostendit
3073 1292 3252 1347 divina
3280 1295 3427 1350 Scri-

1897 1387 2050 1447 ptura
2073 1378 2260 1433 dicens
2301 1395 2314 1433 :
2368 1396 2386 1428 ι
2432 1377 2689 1434 Dominus
2717 1381 2781 1433 de
2810 1382 2946 1433 cmlo
2972 1385 3246 1452 prospexit
3269 1401 3428 1456 super

1895 1469 2032 1522 ﬁlios
2061 1469 2360 1531 hominum,
2396 1476 2455 1522 ut
2476 1468 2652 1522 videat
2677 1469 2721 1523 si
2748 1477 2830 1522 est
2859 1471 3182 1541 intelligens,
3219 1483 3312 1528 aut
3341 1491 3426 1528 re-

1892 1559 2112 1626 quirens
2142 1557 2329 1612 Deum.
2361 1558 2559 1611 Omnes
2578 1557 2998 1623 declinaverunt,
3017 1563 3176 1615 simul
3206 1565 3427 1620 inutiles

1894 1647 2017 1700 facti
2049 1657 2174 1701 sunt
2203 1664 2220 1700 :
2262 1663 2370 1701 non
2411 1655 2495 1702 est
2527 1648 2618 1715 qui
2653 1647 2814 1702 faciat
2840 1650 3058 1713 bonum,
3095 1667 3201 1705 non
3227 1663 3307 1708 est
3332 1670 3426 1709 us-

1893 1752 1996 1804 que
2023 1739 2089 1789 ad
2119 1754 2283 1791 unum
2314 1739 2380 1793 ν’.
2413 1758 2432 1790 ι
2463 1739 2590 1794 Dein
2625 1742 2676 1793 in
2704 1741 2835 1795 istos
2862 1740 2926 1792 ad
2948 1741 3048 1793 hoc
3073 1743 3430 1812 corruptionis

1894 1829 2203 1895 provolutos
2233 1843 2350 1896 quae
2379 1829 2631 1898 ingruant
2666 1831 2997 1884 calamitates
3022 1830 3252 1886 edocens
3281 1831 3430 1886 Scri-

1894 1923 2049 1982 ptura
2080 1915 2151 1967 ait
2182 1935 2194 1967 :
2226 1934 2243 1966 ι
2283 1916 2345 1968 Ει
2379 1917 2498 1972 ﬁnis
2542 1917 2658 1986 ejus
2698 1919 2942 1980 vastitas,
3001 1929 3051 1972 et
3105 1931 3226 1987 post
3269 1921 3426 1974 ﬁnem

1894 2004 2018 2057 belli
2072 2012 2270 2057 statuta
2301 2005 2564 2059 desolatio
2596 2007 2660 2060 ³⁸.
2709 2027 2726 2058 ι
2767 2006 2895 2071 Qua:
2942 2023 3061 2060 cum
3109 2009 3425 2074 acciderint,

1899 2111 1916 2142 ι
1950 2095 2282 2147 conﬁrmabit
2331 2108 2544 2164 pactum
2596 2098 2776 2150 multis
2842 2098 3173 2150 hebdomada
3240 2114 3363 2151 una.
3402 2116 3423 2150 ι

1895 2181 2005 2235 Ηοο
2071 2199 2198 2236 vero
2260 2194 2471 2252 pactum
2543 2187 2674 2238 nihil
2726 2187 2867 2240 aliud
2919 2194 3000 2239 est
3063 2201 3125 2238 ac
3173 2187 3428 2241 salutaris

1895 2269 2200 2337 przedicatio
2233 2287 2337 2340 qua
2379 2271 2628 2326 Salvator
2666 2272 3030 2341 Dominusqne
3059 2281 3241 2350 noster
3267 2272 3427 2330 Jesus

1895 2358 2141 2412 Christus
2169 2358 2569 2414 Testamentum
2605 2359 2809 2415 Novum
2841 2362 2892 2414 in
2929 2363 3110 2415 multis
3141 2363 3425 2430 discipulis

1896 2446 2009 2498 suis
2037 2447 2370 2500 confirmavit
2403 2467 2414 2500 :
2440 2457 2551 2501 tum
2587 2451 2799 2517 quidem
2832 2458 2954 2502 ante
2979 2453 3281 2517 passionem
3301 2464 3424 2502 cum

1895 2533 1975 2586 eis
2008 2534 2189 2588 vivens
2214 2549 2276 2588 ac
2306 2545 2680 2598 conversatus,
2719 2548 2832 2590 tum
2858 2553 2984 2591 vero
3016 2557 3033 2586 ‹
3067 2547 3187 2606 post
3218 2539 3427 2606 passio-

1897 2637 2015 2675 nem
2049 2638 2198 2675 suam
2232 2639 2326 2692 per
2363 2626 2476 2680 dies
2505 2626 2854 2695 quadraginta
2883 2641 3148 2695 apparens
3191 2628 3270 2681 eis
3300 2643 3430 2680 con-

1894 2712 2146 2779 gregalis,
2203 2721 2254 2765 et
2303 2714 2526 2782 loquens
2573 2716 2639 2768 de
2689 2730 2853 2782 regno
2898 2715 2990 2768 Dei
3012 2716 3076 2766 ".
3131 2734 3149 2766 ι
3201 2715 3430 2785 ideoque

1902 2818 1919 2849 ι
1959 2803 2207 2870 praecepit
2257 2804 2334 2856 eis
2381 2805 2446 2856 ah
2497 2803 2845 2873 Jer'o'solymis
2896 2821 2962 2859 ne
2992 2805 3351 2860 discederent.
3400 2825 3420 2858 ι

1895 2889 2066 2957 Hujus
2095 2907 2218 2944 vero
2240 2893 2588 2947 hebdomadis
2617 2895 2670 2946 in
2703 2894 2944 2956 dimidio,
2975 2901 3145 2948 morte
3174 2908 3332 2962 quam
3359 2895 3428 2949 ab

1895 2977 2094 3031 Judacis
2118 2996 2401 3048 perpessus
2436 2989 2536 3040 est,
2573 2983 2784 3050 impleta
2809 2993 2934 3036 sunt
2965 2983 3157 3036 divinae
3195 2982 3430 3050 prophe-

233 3069 307 3122 δι’
334 3072 373 3138 ἡ
387 3068 568 3137 μερῶν
589 3074 636 3136 μ’
658 3069 1010 3136 ὀπτανόμενος
1031 3069 1206 3128 αύτοῖς
1224 3070 1314 3119 καὶ
1334 3068 1610 3131 συναυλιζό
1619 3087 1794 3137 μενος,

1898 3067 1982 3120 tim
2007 3069 2244 3134 reliqua;
2273 3084 2391 3120 cum
2407 3071 2620 3136 quidem
2642 3087 2734 3139 per
2752 3081 2860 3123 tres
2876 3087 3045 3124 annos
3066 3079 3119 3124 et
3140 3071 3426 3126 dimidium

236 3158 346 3210 καὶ
371 3157 546 3222 λέγων
578 3156 644 3207 τὰ
679 3157 802 3225 περὶ
827 3159 920 3224 τῆς
943 3156 1211 3224 βασιλείας
1237 3156 1325 3207 τοῦ
1347 3156 1477 3208 Θεοῦ
1499 3175 1509 3186 ·
1538 3177 1555 3206 ι
1591 3157 1668 3208 διὸ
1701 3161 1791 3210 καὶ

242 3269 265 3299 ι
297 3246 687 3316 παρήγγελλεν
729 3249 906 3308 αὐτοῖς
941 3247 1042 3298 ἀπὸ
1084 3245 1457 3315 Ἱεροσολύμων
1512 3246 1583 3315 μὴ
1629 3247 1790 3316 χωρί-

237 3333 450 3400 ζεσθαι
497 3352 514 3382 ι
560 3334 768 3402 Ταύτης
814 3335 867 3386 δὲ
914 3337 1008 3403 τῆς
1055 3334 1337 3401 ἐὸδομάδος
1394 3335 1448 3386 ἐν
1492 3334 1567 3403 τῷ
1612 3336 1792 3403 ἡμίσει

235 3426 313 3478 δι’
341 3425 416 3492 ἢν
446 3423 702 3474 πέπονθεν
737 3424 838 3475 ὑπὸ
866 3424 1124 3475 Ἰουδαίων
1153 3423 1433 3493 ἐπιδουλὴν
1465 3425 1557 3476 καὶ
1589 3425 1652 3477 τὰ
1673 3423 1796 3476 ἀκό-

237 3513 425 3568 λουθα
454 3515 548 3581 τῆς
589 3513 734 3574 θείας
766 3512 1048 3582 ἐπληρώθη
1078 3515 1452 3582 προρρήσεως
1499 3515 1637 3582 ἀμφὶ
1669 3513 1796 3580 γεῦν

239 3605 317 3657 τὰ
346 3601 482 3670 τρία
509 3602 674 3669 ἥμισυ
715 3601 805 3670 ἐτη
847 3603 1080 3671 κηρύξας
1109 3603 1200 3654 καὶ
1234 3602 1336 3653 ἀπὸ
1371 3602 1466 3670 τῆς
1499 3601 1602 3653 τῶν
1629 3603 1799 3668 Εὐαγ-

240 3689 458 3758 γελὲων
490 3688 809 3757 παρίσταται
831 3689 1043 3758 γραφῆς
1062 3705 1075 3717 ·
1101 3687 1178 3740 διὸ
1206 3689 1441 3757 είρηται’
1473 3707 1490 3738 ι
1520 3689 1625 3740 Καὶ
1647 3691 1700 3739 ἐν
1724 3687 1799 3757 τῷ

1896 3155 2236 3223 Evangelium
2263 3159 2626 3223 prmdicatum,
2647 3173 2707 3210 ac
2732 3159 2923 3210 deinde
2941 3162 3306 3226 conscriptum
3324 3168 3429 3222 est,

1895 3257 2060 3308 quare
2094 3245 2290 3295 dicitur
2315 3262 2327 3296 :
2355 3263 2371 3292 ι
2397 3248 2452 3298 In
2475 3247 2646 3296 medio
2666 3245 3012 3298 hebdomadis
3030 3247 3239 3299 deﬁciet
3252 3247 3430 3301 hostia

1897 3339 1946 3383 et
1961 3330 2280 3382 sacriﬁcium
2300 3331 2363 3382 ⁸ο.
2380 3351 2396 3380 ι
2421 3333 2640 3384 Constat
2666 3332 2806 3384 enim
2837 3347 2930 3399 per
2956 3337 3257 3400 passionem
3284 3334 3432 3388 defe-

1899 3421 2036 3472 cisse
2065 3419 2292 3471 hostiam
2323 3421 2480 3473 simul
2516 3431 2567 3472 et
2603 3419 2962 3482 sacriﬁcium;
3007 3422 3241 3488 quando,
3272 3422 3432 3488 juxta

1901 3507 2306 3577 Evangeliorum
2349 3511 2735 3571 narrationem,
2775 3527 2792 3558 ι
2837 3510 3009 3563 velum
3056 3511 3240 3578 templi
3289 3512 3432 3564 sciso

1902 3613 2018 3650 sum
2037 3605 2117 3650 est
2139 3600 2190 3650 in
2216 3599 2348 3651 duas
2366 3609 2542 3666 partes
2569 3615 2594 3649 τι
2620 3613 2830 3652 summo
2857 3614 3026 3667 usque
3042 3600 3293 3653 deorsum
3313 3598 3355 3632 “
3379 3618 3428 3666 ;ι

1899 3688 2156 3756 juxtaque
2181 3687 2398 3756 Josephi
2433 3689 2710 3742 historiam
2744 3707 2756 3741 :

241 3779 451 3850 ἡμίσει
485 3776 578 3844 τῆς
603 3776 886 3844 ἑϐδομάδος
908 3777 1200 3847 ἀρθήσεται
1233 3777 1388 3829 θυσία
1423 3777 1514 3828 καὶ
1546 3777 1774 3846 σπονδή·
1810 3795 1827 3826 ι
1870 3777 1961 3827 καὶ
1992 3776 2155 3844 σαφές
2180 3793 2241 3844 γε
2290 3777 2432 3840 ὅπως
2467 3778 2580 3846 ἆμα
2625 3777 2700 3848 τῷ
2747 3777 2902 3830 πάθει
2940 3778 3160 3848 δυνάμει
3206 3778 3344 3848 ἤρθη
3376 3775 3436 3845 ἐξ

246 3864 442 3922 αὐτῶν
473 3863 626 3916 θυσία
668 3863 759 3914 καὶ
793 3864 986 3933 σπονδή
1008 3880 1022 3894 ο
1053 3865 1140 3915 ὅτε
1183 3865 1318 3917 κατὰ
1354 3865 1446 3933 μὲν
1474 3863 1567 3933 τὴν
1598 3863 1704 3916 τῶν
1732 3862 2067 3930 Εύοιγγελίων
2106 3865 2320 3936 γραφὴν
2369 3884 2386 3916 ι
2430 3866 2488 3918 τὸ
2509 3867 2896 3936 καταπέτασμα
2935 3867 3028 3919 τοῦ
3066 3867 3191 3922 ναοῦ
3219 3867 3434 3938 ἐσχίσθη

253 3955 379 4010 ἀπὸ
409 3951 612 4004 ἄνωθεν
644 3951 748 4010 ἕως
779 3950 951 4002 κάτω’
981 3970 998 4001 ι
1037 3950 1175 4002 κατὰ
1201 3951 1254 4002 δὲ
1300 3951 1395 4020 τὴν
1426 3951 1515 4002 τοῦ
1554 3953 1809 4020 Ἰωσήπου
1852 3953 2105 4021 ίστορίαψ

337 4063 358 4094 ε
383 4043 470 4094 Ἐν
497 4043 628 4109 αὐτῇ
659 4043 722 4110 τῇ
741 4041 1076 4109 Πεντηκοστῇ
1105 4040 1312 4110 νύκτωρ
1328 4039 1391 4092 οῖ’
1410 4041 1567 4110 ίερεῖς
1599 4040 1795 4109 παρελ-

251 4132 450 4190 θόντες
478 4130 553 4190 είς
575 4127 634 4179 τὸ
674 4127 832 4195 ἱερὸν,
864 4125 1046 4196 ὥσπερ
1079 4129 1256 4189 αὐτοῖς
1290 4127 1404 4190 ἔθος
1425 4123 1509 4197 ἦν,
1545 4127 1676 4197 πρὸς
1703 4128 1796 4190 τὰς

249 4219 621 4288 λειτουργίας,
663 4217 870 4288 πρῶτον
903 4217 996 4285 μὲν
1042 4219 1300 4286 κινήσεως
1320 4217 1522 4285 ἔφασαν
1549 4215 1802 4285 ἀντιλαμ-

1975 4057 1992 4088 ι
2034 4040 2089 4092 in
2136 4039 2248 4108 ipsa
2295 4038 2606 4095 Pentecoste
2646 4049 2805 4094 noctu
2852 4041 3156 4095 sacerdotes
3204 4043 3258 4094 in
3303 4049 3440 4096 tem-

1899 4127 2042 4195 plum
2089 4128 2375 4198 progressi,
2427 4129 2566 4181 sicut
2608 4138 3018 4193 consueverant,
3054 4130 3118 4182 ad
3153 4145 3304 4184 sacra
3357 4131 3439 4184 [ε-

1897 4217 2164 4279 ciendum,
2199 4219 2372 4288 primo
2417 4227 2618 4272 motum
2663 4221 3026 4273 vehementem
3070 4235 3192 4272 cum
3225 4218 3442 4288 fragore

252 4309 527 4366 ὅὰνεσθαι
554 4309 644 4362 καὶ
675 4309 894 4371 κτύπου,
929 4309 1065 4378 μετὰ
1097 4309 1150 4360 δὲ
1181 4309 1346 4361 ταῦτα
1376 4309 1552 4378 φωνῆς
1579 4309 1792 4379 ἀθρόας·

1899 4305 2095 4358 factum
2125 4321 2244 4360 esse
2271 4307 2539 4368 dixerunt,
2571 4307 2692 4362 dein
2725 4323 2968 4378 magnam
2998 4307 3170 4361 audiri
3211 4324 3391 4362 vocem
3419 4327 3436 4364 ε

257 4427 280 4457 ι
315 4400 910 4469 Μεταὸαίνομεν(ωμεν)
935 4398 1194 4451 ἐντεῦθεν.
1223 4418 1241 4448 ι

335 4491 522 4545 Ταῦτα
541 4489 594 4541 δὲ
621 4488 755 4541 κατὰ
779 4487 915 4550 λέξιν
939 4490 1029 4540 καὶ
1048 4489 1204 4558 ’ἐτερα
1225 4487 1427 4550 τούτοις
1457 4488 1796 4556 παραπλήσια

253 4583 385 4643 ταῖς
429 4579 686 4648 ίστορίαις
721 4577 983 4647 παραδοὺς
1021 4579 1048 4629 6
1089 4576 1341 4644 Ἰώσηπος
1389 4577 1689 4645 συμϐάλοιτ⁸
1734 4576 1796 4629 ἂν

255 4673 396 4741 ἡμῖν
421 4671 498 4729 είς
529 4665 791 4730 ἀπόδειξιν
806 4665 896 4717 τοῦ
922 4665 1139 4734 δυνάμει
1158 4665 1402 4716 λελύσθαι
1435 4682 1492 4717 τε
1519 4666 1609 4717 καὶ
1634 4667 1799 4736 καθῃο

261 4756 464 4828 ρῆσθαι
495 4752 627 4823 μετά
649 4753 709 4804 τὸ
735 4756 989 4820 σωτήριον
1018 4750 1182 4813 πάθος
1207 4751 1273 4803 τὰ
1304 4752 1400 4816 τῆς
1423 4753 1512 4804 τοῦ
1537 4752 1662 4805 λαοῦ
1696 4771 1798 4804 σω-

261 4844 508 4916 ματικῆς
539 4843 804 4911 λατρείας.
841 4837 966 4893 Οἶδα
997 4840 1051 4891 δέ
1082 4841 1173 4892 καὶ
1218 4840 1375 4909 ἄλλην
1413 4843 1490 4902 εἰς
1529 4841 1622 4910 τὴν
1655 4841 1799 4893 ἑϐδο-

262 4934 410 5004 μάδα
437 4934 536 5001 τὴν
564 4950 582 4981 ι
616 4930 1000 5000 δυναμώσασαν
1043 4929 1298 4997 διαθήκην
1331 4929 1534 4991 πολλοῖς
1558 4951 1573 4980 ι
1611 4930 1799 4982 ἀποδο-

259 5025 450 5078 θεῖσαν
495 5021 814 5091 ἐρμηνείαν·
861 5021 1060 5090 ταύτην
1092 5019 1197 5088 γὰρ
1230 5021 1306 5080 εἰς
1342 5019 1437 5088 τὴν
1483 5023 1537 5071 ἐν
1585 5021 1800 5072 δεκάσιν

259 5113 535 5182 ἑϐδομάδα
566 5111 872 5180 μεταλαϐὼν
897 5115 924 5164 6
955 5112 1104 5178 λόγος
1133 5109 1362 5179 παρίστη
1398 5111 1485 5161 τὸν
1517 5110 1798 5178 σύμπαντα

261 5200 376 5254 τῶν
403 5198 710 5252 ἀποστόλων
737 5199 920 5268 χρόνον
946 5202 1024 5261 είς
1056 5199 1556 5267 ἐϐδομηκονταετίαν
1597 5198 1797 5250 συντεί-

265 5305 403 5352 νειν,
435 5289 494 5340 ἐν
572 5287 631 5338 τδ
660 5291 915 5356 κηρυγμα
956 5287 1054 5356 τῆς
1083 5287 1282 5355 Καινῆς
1316 5285 1581 5356 Διαθήκης
1621 5287 1796 5338 ούκέτι

266 5378 375 5442 ἑνὶ,
401 5375 535 5428 ἀλλὰ
570 5375 775 5438 πολλοῖς
805 5373 975 5427 ἔθνεσι
1014 5374 1274 5444 κηρυχθὲν
1305 5375 1382 5437 είς
1421 5375 1594 5427 πᾶσαν
1628 5374 1801 5426 ἐνεδυ-

347 5529 390 5561 ³¹²
431 5527 572 5584 Psal,
613 5543 746 5590 xm,
781 5529 848 5590 2,
879 5530 928 5583 3,
1004 5527 1046 5557 "'
1087 5525 1213 5578 Dan.
1249 5541 1297 5576 Ix
1321 5565 1333 5585 ,
1363 5525 1450 5580 26.
1526 5525 1569 5557 ⁸³
1605 5525 1723 5577 Act.
1760 5539 1810 5588 ι,
1837 5525 1870 5578 ’5

351 5665 427 5732 (ι)
458 5664 674 5731 Ioseph.
711 5663 780 5716 De
807 5663 934 5717 bello
962 5662 1112 5724 ma,
1147 5675 1218 5725 γι,
1252 5661 1302 5725 5,
1339 5661 1390 5712 3.

1906 4415 1923 4446 ι
1959 4395 2094 4449 Hinc
2118 4397 2460 4465 egrediantur
2487 4397 2584 4468 (l).
2626 4417 2644 4448 ι

1971 4485 2089 4538 Hau:
2119 4502 2386 4556 expresse,
2423 4489 2632 4556 aliaque
2677 4487 2760 4541 his
2786 4489 2979 4542 similia
3018 4487 3282 4555 Iosephus
3315 4501 3436 4540 cum

1902 4573 1953 4626 in
1988 4574 2229 4627 historiis
2273 4573 2471 4636 refert,
2517 4576 2794 4627 nobiscum
2858 4575 3067 4627 videtur
3112 4571 3437 4630 consentire,

1901 4662 2389 4716 demonstrantibus
2427 4666 2598 4730 reipsa
2633 4664 2865 4716 solutum
2901 4675 2963 4712 ac
3002 4660 3230 4712 deletum
3273 4658 3440 4710 fuisse

1903 4759 2021 4817 post
2055 4748 2347 4803 Salvatoris
2390 4752 2690 4818 passionem
2738 4761 3053 4816 corporeum
3103 4746 3280 4813 populi
3325 4748 3442 4798 cul-

1900 4847 2031 4891 tum.
2060 4837 2312 4892 Novimus
2337 4840 2492 4890 aliam
2527 4851 2737 4904 quoque
2784 4837 2850 4889 de
2893 4834 3221 4888 hebdomade
3255 4852 3273 4884 ι
3310 4847 3440 4886 con-

1902 4929 2174 4980 ﬁrmatura
2210 4937 2417 4994 pactum
2445 4925 2626 4979 multis
2661 4944 2679 4975 ι
2713 4925 2892 4977 datam
2926 4921 3434 4989 interpretationem.

1903 5014 2025 5068 Hazc
2054 5017 2194 5069 enim
2225 5014 2575 5075 behdomada,
2603 5013 2756 5082 quasi
2786 5021 2985 5080 septem
3014 5011 3287 5063 decenniis
3308 5025 3440 5063 con-

1903 5114 2072 5166 stans,
2113 5119 2268 5157 omne
2302 5103 2660 5171 apostolorum
2707 5109 2938 5170 tempus,
2977 5100 3187 5153 scilicet
3227 5107 3442 5167 septua-

1901 5197 2044 5266 ginta
2078 5212 2246 5251 annos
2274 5198 2508 5250 indicare
2545 5196 2833 5258 videretur,
2864 5195 3060 5264 quibus
3088 5191 3220 5246 Novi
3248 5193 3439 5248 Testa—

1901 5285 2060 5338 menti
2109 5285 2414 5354 praedicatio
2464 5285 2642 5338 habita
2690 5293 2793 5347 est,
2842 5283 2982 5354 quod
3031 5296 3136 5334 non
3189 5282 3300 5341 uni,
3349 5283 3440 5335 sed

1904 5375 2085 5428 multis
2115 5375 2486 5428 annuntiatum
2513 5375 2760 5444 gentibus
2787 5389 2880 5442 per
2905 5373 3218 5425 universam
3247 5377 3442 5422 terram

1965 5525 2009 5557 “
2050 5524 2181 5580 Dan.
2214 5541 2263 5578 Ix
2287 5562 2300 5588 ,
2334 5523 2421 5578 27.
2497 5525 2537 5555 “
2586 5523 2768 5578 Matth.
2805 5520 3107 5583 xxvtt,‘5!.
