3952 6378
248 408 375 462 1195

1223 407 1507 464 Εοιοϐιε
1542 410 2008 466 PROPHETICAS.
2037 442 2106 453 —
2142 415 2266 468 LIB.
2295 418 2383 470 IV.

3237 418 3368 474 H95

242 538 390 574 τινων
413 520 707 592 προχείρων
731 523 822 576 καὶ
848 522 1111 592 βιωτικῶν
1137 523 1427 595 προύλεγον
1446 541 1461 557 ·
1498 520 1606 578 οἷον
1632 527 1747 597 περῖ

1854 534 1907 580 et
1963 526 2153 582 eoaivis
2203 528 2591 597 praedixerunt;
2639 534 2778 589 sicut
2821 536 2887 591 de
2922 535 3144 606 perditis
3180 535 3373 597 asinis,

241 612 366 665 ὄνων
389 610 745 676 ἀπολωλυιῶν,
775 614 866 665 καὶ
890 613 1012 682 περὶ
1042 613 1329 667 νοσούντων
1353 614 1675 682 ἐπισφαλῶς,
1710 618 1757 668 εί

241 700 564 769 βιιὶισονταιῆ
603 702 696 771 μὴ,
726 703 815 755 καὶ
843 704 968 773 περὶ⁵
995 703 1284 772 μελλούσης
1314 704 1525 758 ἔσεσθαι
1555 705 1630 773 τῷ
1648 704 1758 774 λαῷ

240 790 496 859 εὐθηνίας,
530 793 620 844 καὶ⁸
646 794 765 863 περὶ
792 794 959 847 ἀλλων
991 795 1210 865 μυρίων,
1238 794 1273 847 ἀ
1294 797 1411 856 ταῖς
1429 796 1543 847 κατ’
1567 796 1757 857 αὐτοὺς

241 880 489 949 ἱστορίαις
528 882 847 951 ἐμφέρεται·
882 883 1021 954 ἅπερ
1044 886 1090 935 εἰ
1125 885 1195 953 μὴ
1226 884 1408 937 τοῦτον
1439 885 1644 952 γεγόνει
1668 884 1757 938 τὸν

235 968 443 1038 τρόπον,
472 971 839 1041 ἀποκρινέσθω
868 991 968 1034 τις,
997 973 1099 1024 τίνι
1129 973 1320 1040 δήποτε
1347 970 1436 1025 οὖν
1461 973 1599 1041 λόγῳ
1628 991 1755 1044 προ-

236 1060 397 1127 φήτας
432 1059 656 1128 ήγοῦντό
697 1078 754 1112 τε
788 1062 881 1113 καὶ
908 1062 1201 1114 ἀπεκάλουν
1225 1099 1239 1124 ,
1286 1062 1317 1131 ἢ
1348 1063 1432 1115 διὰ
1466 1064 1515 1114 τί
1544 1065 1755 1133 γραφῆς

231 1148 349 1208 τοὺς
376 1148 563 1215 λόγους
597 1149 769 1202 αὐτῶν
802 1150 1013 1217 ἠξίουνς
1046 1151 1138 1212 Τίς
1161 1151 1204 1202 δ’
1231 1155 1262 1221 ἡ
1300 1153 1445 1206 αἰτία
1483 1154 1546 1205 δι’
1571 1155 1636 1223 ἢν
1663 1156 1754 1206 καὶ

232 1238 338 1295 τοῖς
363 1237 648 1304 μετέπειτα
679 1239 859 1290 παισὶν
884 1238 1103 1300 ἑαυτῶν,
1127 1239 1200 1301 ὡς
1223 1240 1286 1292 ἂν
1308 1240 1369 1310 δὴ
1395 1241 1556 1304 θείας,
1580 1243 1754 1295 αὐτῶν
1770 1244 1781 1262 ’

230 1324 320 1387 τὰς
349 1327 562 1396 γραφὰς
591 1329 966 1397 παρεδίδοσαν;
997 1332 1171 1400 Μηδὲν
1196 1330 1302 1401 γάρ
1342 1349 1392 1383 τι
1438 1332 1574 1384 θεῖον
1624 1333 1752 1402 μηδὲ

228 1413 520 1482 παράδοξον
550 1416 607 1467 ἐν
636 1419 747 1477 τοῖς
772 1417 1019 1486 ἀνδράσιν
1050 1418 1353 1487 ἑωρακότας
1381 1420 1501 1488 εἰκῆ
1530 1422 1618 1472 καὶ
1647 1420 1750 1489 μά-

225 1517 321 1572 την
346 1504 550 1557 οίεσθαι
579 1506 703 1573 περὶ
739 1506 909 1558 αὐτῶν
948 1507 1161 1560 τοιαῦτα
1183 1507 1522 1577 διειληςέναι,
1543 1509 1750 1561 πάντων

225 1595 369 1647 ἐστὶν
394 1594 806 1648 ἀπιθανώτατον.
831 1597 891 1647 Εἰ
909 1597 951 1648 δ’
971 1597 1260 1665 ἀναδράμοι
1279 1615 1361 1659 τις
1385 1600 1473 1650 ἐπὶ
1494 1600 1616 1661 τοὺς
1632 1600 1749 1651 τότε

223 1686 443 1755 χρόνους
472 1688 536 1753 τῇ
557 1684 773 1754 διανοίᾳ,
810 1686 859 1737 τί
890 1687 993 1756 ἄρα
1020 1689 1362 1757 ἐπινοήσειεν,
1396 1689 1532 1757 ὁρῶν
1557 1689 1746 1759 ἀνδρας

222 1772 505 1841 ἀγροίκους
534 1773 623 1823 καὶ
661 1771 719 1823 τὺ
756 1774 931 1841 σχῆμα
960 1773 1163 1836 λιτοὺς,
1195 1775 1441 1836 αἰπόλους
1477 1776 1622 1838 τινὰς
1658 1778 1749 1829 καὶ

1856 615 1923 670 de
1967 617 2199 685 graviter
2240 620 2640 690 aegrotantibus,
2696 629 2875 678 utrum
2913 626 3371 687 convalescerent.

1853 719 2040 769 necne,
2071 705 2136 759 de
2152 707 2315 763 rebus
2341 710 2535 777 populo
2554 709 2779 765 feliriter
2802 716 3056 779 cessuris,
3077 717 3363 787 multisque

1854 795 1991 857 aliis,
2016 806 2132 864 quae
2161 797 2213 850 in
2253 813 2437 852 eorum
2469 801 2705 855 historiis
2744 805 2977 871 reperire
3006 814 3088 861 est
3112 829 3124 863 :
3147 807 3288 875 quod
3319 809 3363 861 si

1851 898 1957 938 non
1977 885 2046 937 ita
2064 901 2121 939 se
2141 887 2467 955 habuissent,
2495 891 2623 943 mihi
2639 892 3010 960 respondeant,
3031 896 3115 950 eui
3132 909 3365 966 unquam

1853 971 2017 1041 igitur
2073 976 2236 1030 verbo
2294 978 2577 1046 prophetas
2621 981 2961 1049 agnovissent
3006 986 3361 1039 vocavissent-

1850 1078 1974 1130 que,
2009 1065 2093 1117 vel
2124 1080 2221 1117 cur
2246 1081 2431 1119 eorum
2462 1069 2621 1122 verba
2655 1071 2868 1138 scriptis
2897 1073 3155 1127 servanda
3182 1089 3366 1128 curas-

1850 1152 2002 1204 sent?
2042 1152 2396 1217 Quamobrem
2434 1158 2729 1224 posteritati
2778 1175 2888 1214 sua:
2929 1162 3125 1229 scripta
3157 1177 3364 1228 eorum,

1850 1240 1999 1306 quasi
2044 1242 2223 1294 divina
2279 1244 2658 1299 tradidissent?
2695 1246 2845 1300 Haud
2885 1249 3175 1318 quidquam
3225 1251 3366 1304 enim

1848 1329 2034 1393 divini,
2061 1332 2144 1384 vel
2175 1334 2411 1400 praeclari
2458 1333 2512 1387 in
2557 1336 2673 1389 istis
2704 1338 2834 1391 viris
2878 1339 3258 1407 perspicientes
3289 1347 3366 1392 te—

1847 1433 1991 1472 mere
2022 1434 2083 1472 ac
2113 1421 2504 1475 inconsiderate
2543 1424 2608 1476 de
2638 1425 2768 1492 ipsis
2798 1426 2923 1478 talia
2956 1427 3224 1495 accepisse
3259 1429 3368 1494 opis

1848 1506 1985 1563 nari,
2023 1507 2427 1563 stolidissimum
2477 1519 2638 1566 esset.
2707 1510 2761 1567 Si
2821 1514 2942 1581 quis
2995 1514 3108 1567 haec
3150 1516 3367 1583 antiqua

1846 1600 2022 1647 mente
2048 1602 2359 1662 percenseat
2392 1605 2651 1664 tempora,
2679 1596 2805 1666 quid
2834 1598 3177 1662 existimabit,
3204 1598 3367 1652 rusti-

1847 1696 1939 1735 cos
1960 1682 2149 1736 videns
2191 1682 2454 1747 homines,
2491 1685 2709 1753 ignobili
2738 1686 2943 1748 habitu,
2973 1686 3232 1740 bubulcos
3261 1689 3367 1740 sci-

1846 1772 1966 1825 licet
2010 1781 2381 1842 pastoresque,
2420 1774 2472 1826 in
2512 1776 2686 1828 medio
2709 1776 2873 1828 totius
2905 1776 3076 1844 gentis
3102 1776 3365 1844 prodeun—

223 1861 496 1930 ποιμένας,
523 1864 600 1923 είς
623 1864 778 1931 μέσον
808 1865 999 1926 παντὸς
1016 1864 1106 1915 τοῦ
1128 1865 1306 1928 ἔθνους
1332 1867 1633 1934 παριόντας,
1656 1868 1747 1919 καὶ

1847 1869 1947 1927 tes,
1991 1864 2148 1930 quasi
2199 1863 2289 1917 Dei
2335 1863 2551 1918 nomine
2579 1865 2820 1933 qumdam
2869 1866 3139 1928 docentes,
3189 1868 3364 1920 excla-

221 1950 292 2012 ὡς
308 1952 370 2003 ἐκ
393 1951 677 2019 προσώπου
707 1952 797 2004 τοῦ
828 1953 957 2004 Θεοῦ
991 1970 1108 2007 τινα
1139 1954 1403 2021 λέγοντας.
1444 1956 1532 2008 καὶ
1562 1974 1580 2006 ι
1615 1957 1747 2008 Τάδε

220 2037 357 2105 λέγει
387 2038 607 2107 Κύριος,
638 2059 656 2089 ι
693 2040 1121 2109 ἀναὸοωμένους,
1169 2040 1257 2095 ἐπί
1289 2060 1346 2095 τε
1378 2044 1630 2113 βασιλέων
1659 2047 1748 2098 καὶ

221 2126 413 2189 παντὸς
454 2127 546 2178 τοῦ
576 2127 700 2180 λαοῦ
735 2128 866 2197 μετά
901 2132 1309 2201 παραστήματος
1338 2134 1745 2204 ἀκαταπλήκτου

218 2214 671 2285 δημηγοροῦντας,
702 2218 792 2269 καὶ
820 2217 1005 2283 σοφίαν
1034 2218 1170 2288 ὑπὲρ
1197 2219 1468 2291 ἄνθρωπον
1497 2223 1749 2276 ἐνδεικνυ⁹

219 2310 418 2378 μένους,
451 2312 552 2381 τὴν
581 2314 670 2365 καὶ
698 2313 859 2365 εἰσέτι
880 2312 971 2365 νῦν
992 2315 1047 2365 ἐν
1065 2316 1181 2375 ταῖς
1208 2313 1549 2383 προφητείαις
1574 2313 1747 2366 αὐτῶν

215 2400 537 2469 φερομένην,
575 2403 736 2472 μυρία
766 2420 823 2455 τε
854 2403 986 2456 ἀλλα
1009 2403 1075 2455 δι’
1100 2403 1426 2471 αἰνιγμάτων
1456 2402 1549 2454 καὶ
1577 2418 1748 2472 παρα-

213 2488 373 2541 ϐολῶν
397 2491 684 2560 ἀπόρρητα
705 2492 1131 2560 φιλοσοφοῦντας,
1154 2491 1346 2561 ήθικήν
1368 2509 1424 2543 τε
1448 2492 1539 2543 καὶ
1557 2491 1747 2561 δογμα-

212 2579 358 2650 τικὴν
379 2584 444 2652 τῇ
484 2583 749 2652 Ἐϐραίων
783 2587 926 2654 φωνῇ
959 2582 1295 2637 διδασκαλίαν
1324 2582 1402 2652 τῷ
1429 2582 1540 2653 λαῷ
1571 2599 1743 2652 παρα-

212 2668 439 2732 διδόντας
457 2709 472 2730 ,
526 2671 618 2722 καὶ
652 2672 784 2742 πρὸς
823 2674 913 2724 ἐπὶ
950 2673 1154 2734 τούτοις
1183 2671 1270 2724 τὸν
1300 2671 1410 2740 βίον
1438 2675 1547 2734 τοῖς
1571 2672 1744 2741 λόγοις

213 2756 382 2810 αὐτῶν
400 2752 728 2829 κατάλληλον
750 2761 1190 2831 ἐνδεικνυμένους,
1208 2762 1418 2823 καὶτοῖς
1439 2762 1599 2813 πᾶσιν
1622 2762 1745 2813 ἀκο-

213 2846 479 2912 λακεύτως
513 2849 854 2919 ὁμιλοῦντας,
883 2852 959 2914 είς
991 2851 1270 2922 πρόσωπόν
1299 2868 1357 2903 τε
1389 2853 1509 2913 τοὺς
1534 2851 1744 2914 ἀσεϐεῖς

213 2934 595 3006 διελέγχοντας,
619 2938 693 3001 ὡς
722 2936 812 2991 καὶ
839 2939 1265 2992 ἐπιϐουλεύεσθαι
1298 2940 1429 3011 πρὸς
1454 2940 1625 2993 αὐτῶν
1650 2940 1742 3010 μέ-

213 3041 299 3093 χρι
325 3025 572 3090 θάνατον,
605 3028 863 3096 ῥωμαλέῳ
893 3030 986 3081 καὶ
1014 3029 1240 3097 γεννικῷ
1266 3031 1641 3098 παραστήματι
1665 3029 1741 3098 τῷ

212 3112 396 3183 ἀληθεῖ
407 3115 550 3182 λόγῳ
568 3115 989 3184 παρισταμένους
1007 3132 1020 3145 ·
1037 3115 1299 3177 ταῦτάτις
1313 3117 1391 3177 είς
1407 3115 1527 3167 νοῦν
1548 3116 1742 3209 εὐγνω-
1769 3151 1813 3209 c

215 3202 388 3271 μόνως
418 3203 660 3272 θέμενος,
705 3203 819 3265 πῶς
848 3204 944 3256 οὐκ
970 3203 1034 3256 ἀν
1064 3205 1402 3273 ὁμολογήσειε
1433 3204 1569 3256 κατὰ
1599 3202 1744 3256 θείαν

211 3291 285 3353 ὠς
310 3290 525 3359 ἀληθῶς
551 3292 824 3344 ἐπίπνοιαν
851 3292 1019 3345 ταῦτα
1040 3293 1211 3345 πάντα
1231 3293 1356 3361 περὶ
1381 3292 1570 3352 αὐτοὺς
1591 3306 1746 3358 γεγο-

211 3375 358 3429 νέναι
378 3393 392 3441 ;
415 3377 506 3429 Διὸ
524 3378 615 3429 καὶ
629 3378 745 3430 τότε
765 3377 1126 3449 θαυμάζεσθαι
1144 3379 1335 3440 αὐτοὺς
1356 3366 1494 3440 είκδς
1510 3373 1576 3446 ἦν
1599 3376 1747 3447 παρὰ

210 3469 322 3530 τοῖς
371 3467 601 3539 ἕμῳροσι
619 3507 635 3531 ,
682 3469 773 3521 καὶ
812 3470 935 3531 τοὺς
962 3468 1146 3535 λόγους
1176 3468 1350 3521 αὐτῶν
1377 3467 1744 3537 ἀναγράπτους

213 3556 364 3626 παρά
401 3559 513 3617 τοῖς
556 3557 1043 3627 ἱερογραμματεῦσι
1076 3556 1465 3625 φυλάττεσθαι,
1492 3555 1656 3608 είσέτι
1688 3573 1744 3609 τε

212 3641 306 3694 νῦν
338 3643 471 3713 παρ’
501 3643 605 3711 ὅλῳ
631 3643 707 3713 τῷ
734 3642 871 3697 ἔθνει
906 3646 1181 3715 προφήτας
1206 3644 1474 3711 γεγονέναι
1494 3644 1583 3698 τοῦ
1612 3643 1743 3696 Θεοῦ

213 3725 576 3785 πιστεύεσθαι⁶
596 3732 624 3783 ὃ
649 3732 741 3784 καὶ
760 3734 1116 3802 ἐναργέστατα
1134 3734 1357 3803 μάλιστα
1377 3732 1686 3802 παρίστησιν
1711 3734 1744 3803 ή

212 3819 452 3890 ἡμετέρα
477 3820 601 3890 περὶ
628 3818 718 3872 τοῦ
744 3819 970 3890 Χριστοῦ
986 3820 1256 3889 διάληψις,
1284 3819 1399 3872 καθ’
1424 3819 1489 3888 ἣν
1540 3816 1748 3869 ἀποδεί-

213 3926 415 3980 κνυμεν
451 3912 625 3964 πᾶσαν
654 3909 749 3980 τὴν
786 3913 901 3963 κατ’
933 3911 1088 3965 αὐτὸν
1123 3910 1423 3979 οἰκονομίαν
1465 3907 1757 3976 γεγενημέ-

1846 1959 2174 2021 mantesque,
2204 1971 2221 2002 ι
2264 1953 2381 2006 "me
2413 1954 2542 2007 dicit
2583 1954 2856 2015 Dominus,
2886 1974 2905 2006 ι
2936 1971 3115 2009 coram
3151 1956 3364 2023 regibus

1846 2056 1908 2095 ac
1943 2043 2088 2095 omni
2118 2043 2311 2111 p0pulo
2344 2043 2596 2099 audacter
2617 2060 2679 2098 ae
2706 2046 2870 2100 libere
2896 2046 3055 2099 verba
3088 2045 3360 2106 facientes,

1845 2131 2157 2199 sapientiam
2217 2132 2446 2185 humana
2498 2135 2754 2202 majorem
2812 2136 3190 2195 ostendentes,
3247 2150 3363 2202 quae

1844 2235 1988 2273 nunc
2031 2221 2205 2273 adhuc
2241 2223 2297 2275 in
2334 2238 2521 2276 eorum
2562 2225 2856 2293 prophetiis
2888 2227 3044 2294 viget,
3092 2226 3360 2278 innumera

1843 2325 1938 2378 per
1971 2311 2251 2379 parabolas
2280 2318 2438 2380 atque
2469 2314 2748 2382 aenigmata
2778 2316 3027 2384 mysteria
3056 2315 3358 2375 edocentes,

1843 2398 2099 2450 moralem
2128 2406 2180 2452 et
2216 2399 2573 2468 dogmatieam
2616 2400 2957 2455 Hebraeorum
2997 2402 3173 2470 lingua
3202 2401 3362 2456 disci-

1842 2485 2041 2553 plinam
2090 2487 2286 2554 popqu
2336 2488 2638 2551 tradentes,
2693 2490 2855 2543 vitam
2910 2504 3031 2543 cum
3087 2490 3361 2558 praeceptis

1843 2574 1956 2628 suis
1978 2589 2265 2643 congruam
2293 2574 2563 2642 degentes,
2595 2590 2777 2629 coram
2800 2577 3045 2630 omnibus
3085 2578 3202 2631 sine
3231 2579 3361 2630 adua

1842 2664 2037 2718 latione
2056 2676 2418 2729 conversatus,
2442 2667 2631 2735 impios
2647 2667 2820 2734 palam
2847 2667 3213 2736 objurgantes,
3242 2668 3359 2735 ipso

1840 2752 2027 2805 mortis
2074 2752 2308 2820 periculo
2352 2761 2675 2820 contempto,
2720 2768 2785 2807 ac
2829 2754 3056 2822 denique
3087 2754 3361 2808 veritatem

1839 2840 1979 2893 virili
2026 2854 2392 2910 generosaque
2438 2840 2782 2896 defendentes
2837 2843 3077 2896 audacia.
3129 2841 3256 2907 Quae
3315 2845 3360 2897 si

1841 2930 1960 2999 quis
1982 2931 2158 2983 animo
2185 2930 2465 3000 diligenter
2488 2938 2715 2999 reputet,
2742 2946 2849 2984 non
2878 2933 3072 3000 poterit
3098 2947 3205 2987 non
3230 2946 3363 2986 con-

1842 3020 1977 3074 fiteri
2021 3036 2086 3074 ex
2136 3020 2220 3074 his
2257 3020 2505 3074 omnibus
2551 3021 2685 3074 tales
2730 3022 2873 3077 viros
2918 3023 3094 3076 divina
3131 3022 3358 3091 quadam

1842 3109 2189 3177 inspiratione
2230 3123 2346 3162 esse
2385 3108 2607 3164 amatos.
2660 3108 2885 3179 ideoque
2929 3121 3056 3166 tunc
3091 3126 3185 3166 eos
3224 3112 3361 3166 inter

1842 3196 2263 3263 sapientissimos
2319 3210 2526 3263 aequum
2567 3207 2681 3249 erat
2735 3199 3024 3259 admirari,
3073 3214 3361 3269 eorumque

1839 3286 1999 3338 verba
2044 3285 2209 3337 sacris
2255 3299 2572 3338 conservare
2614 3281 2925 3353 Scripturis,
2985 3301 3078 3342 eos
3134 3288 3361 3357 denique

1839 3388 2009 3442 usque
2036 3388 2179 3426 nunc
2217 3375 2356 3442 apud
2386 3389 2571 3429 omnes
2606 3383 2790 3443 gentes
2832 3377 2975 3429 velut
3011 3377 3104 3430 Dei
3133 3380 3361 3447 prophe-

1838 3468 1924 3516 tas
1952 3462 2116 3516 credi.
2150 3462 2302 3527 Quod
2329 3470 2381 3516 et
2408 3464 2844 3519 manifestissime
2875 3466 3151 3520 confirmat
3176 3477 3360 3521 nostra

1840 3551 1909 3605 de
1926 3551 2143 3605 Christo
2173 3552 2487 3620 disputatio.
2520 3567 2625 3621 qua
2666 3553 3148 3609 demonstravimus
3178 3558 3357 3611 omnia

1840 3655 1957 3709 qua:
1987 3639 2299 3693 acciderunt
2343 3640 2415 3702 ei,
2444 3654 2651 3693 omnem
2690 3640 2808 3707 ejus
2849 3642 3206 3710 disciplinam,
3236 3660 3349 3713 gen-

1839 3731 2078 3798 tiumque
2116 3729 2184 3782 ab
2225 3743 2290 3781 eo
2323 3728 2515 3781 factam
2555 3731 2910 3789 vocationem.
2937 3742 3188 3798 expresse
3223 3746 3360 3798 pra:-

1841 3817 2104 3875 nuntiata,
2150 3815 2437 3883 multisque
2471 3822 2594 3869 ante
2641 3816 2797 3870 annis
2837 3817 2902 3869 ab
2944 3817 3062 3871 istis
3106 3817 3358 3872 divinitus

1842 3896 2030 3958 amatis
2056 3904 2184 3956 viris
2211 3903 2465 3971 praedicta
2508 3902 2693 3957 fuisse.
2720 3903 2955 3968 Quorum
2985 3920 3168 3960 sacros
3198 3907 3361 3961 libros

212 4013 340 4066 νην,
373 3999 444 4051 τά
464 4015 522 4050 τε
554 4000 679 4069 περὶ
702 4000 798 4070 τῆς
823 4000 1160 4063 διδασκαλίας
1189 3997 1349 4051 αὐτοῦ
1372 4038 1386 4062 ,
1433 3997 1522 4050 καὶ
1550 3997 1646 4066 τῆς
1682 3995 1740 4060 ἐξ

1842 3994 1999 4047 Iudaei
2045 3993 2248 4060 majore
2292 3993 2436 4061 digni
2487 3993 2590 4047 ﬁde
2636 4008 2795 4061 quam
2843 4008 2940 4048 nos
2981 4004 3183 4057 essent,
3213 3998 3363 4063 justo

214 4087 469 4140 ἁπάντων
486 4087 647 4142 ἐθνῶν
668 4090 956 4161 γενομένης
975 4092 1039 4143 δι’
1065 4088 1224 4143 αὐτοῦ
1250 4085 1741 4159 κλήσεως,ἀκρι6ῶς

212 4174 584 4244 προεγνῶσθαί
614 4194 672 4230 τε
698 4180 789 4231 καὶ⁵
816 4179 918 4250 πρὸ
948 4178 1149 4250 μυρίων
1176 4180 1311 4232 ὅσων
1349 4176 1481 4229 ἐτῶν
1518 4178 1627 4237 τοῖς
1658 4174 1745 4227 θε-

213 4264 458 4326 σπεσίοις
489 4265 708 4330 ἐκείνοις
729 4269 946 4339 ἀνδράσι
970 4269 1313 4340 προειρῆσθαι
1331 4284 1343 4298 ο
1374 4261 1446 4320 ὧν
1476 4265 1572 4327 τὰς
1598 4264 1744 4335 ίεράς

1835 4099 1898 4138 ac
1946 4082 2236 4136 venerabili
2279 4081 2481 4135 honore
2520 4090 2918 4151 prosequentes.
2977 4084 3072 4139 His
3117 4086 3279 4154 igitur
3331 4097 3362 4137 α

1834 4172 1991 4227 nobis
2040 4185 2147 4223 non
2184 4170 2298 4224 sine
2342 4170 2571 4225 utilitate
2601 4173 2877 4254 expositis,
2927 4172 2993 4225 ad
3032 4175 3364 4243 propositum

1834 4257 2204 4313 revertendum
2228 4264 2330 4311 est.

214 4355 431 4425 βίϐλους
471 4355 702 4409 Ἰουδαῖοι
728 4358 917 4426 μᾶλλον
942 4359 1007 4414 ἀν
1029 4359 1180 4428 ήμῶν
1233 4354 1338 4411 εἷεν
1394 4356 1806 4431 ἀξιοπιστότεροι
1846 4347 1979 4418 μετὰ
2019 4346 2194 4414 πάσης
2251 4344 2539 4416 σεϐασμίου
2582 4348 2741 4416 τιμῆς
2788 4347 3129 4419 περιέποντὲς
3173 4366 3230 4401 τε
3277 4349 3371 4407 καὶ

214 4450 593 4522 προφέροντες.
644 4450 851 4503 Τούτων
876 4454 1002 4521 ημῖν
1029 4452 1304 4522 χρησίμως
1328 4444 1833 4522 προδιαληφθέντων,
1852 4442 1939 4494 ἐπὶ
1963 4440 2059 4509 τὴν
2087 4437 2334 4491 ὑπόθεσιν
2357 4438 2613 4490 όδευτέον.

731 4570 1112 4622 ΚΕΦΑΛΑΙΟΝ
1147 4570 1222 4623 Α¹.

728 4646 827 4710 Ἐκ
848 4659 951 4711 τοῦ
988 4658 1242 4713 Ἡσαΐου.

294 4767 317 4803 ι
355 4750 416 4802 ὐ
448 4749 601 4816 λόγος
636 4748 664 4799 ὁ
694 4748 974 4816 γενόμενος
994 4748 1125 4817 πρὸς
1160 4748 1376 4800 Ἡσαΐαν
1416 4736 1527 4800 υίδν
1561 4742 1736 4815 Ἀμὼς

218 4840 345 4911 περὶ
376 4830 477 4909 τῆς
516 4836 764 4900 Ἰουδαίας
794 4838 883 4889 καὶ
909 4837 1030 4907 περὶ
1061 4837 1416 4906 Ἰερουσαλήμι
1439 4839 1557 4890 Ὀτι
1587 4836 1735 4887 ἔσται

219 4932 274 4984 ὲν
296 4931 419 4992 ταῖς
460 4928 708 4997 ἐσχάταις
736 4928 961 4997 ἡμέραις
989 4929 1220 4995 ἐμφανὲς
1256 4927 1316 4980 τὸ
1344 4927 1465 4997 ὅρος
1500 4927 1699 4997 Κυρίου
1718 4968 1732 4990 ,

220 5018 310 5074 καὶ
333 5021 363 5072 ό
390 5013 537 5078 οἶκος
554 5014 646 5067 τοῦ
669 5014 799 5067 Θεοῦ
828 5018 910 5068 ἐπ’
940 5017 1119 5086 ἄκρων
1148 5016 1251 5069 τῶν
1275 5012 1460 5087 ὀρέων,
1479 5018 1571 5069 καὶ⁵
1590 5016 1732 5083 ὑψω-

221 5105 438 5176 θήσεται
463 5104 711 5173 ὑπεράνω
741 5101 845 5154 τῶν
877 5103 1094 5171 βουνῶν,
1118 5098 1208 5155 καὶ
1233 5102 1444 5171 ἥξουσιν
1480 5103 1564 5152 ἐπ’
1594 5100 1737 5167 αὐτῷ

223 5196 394 5250 πάντα
423 5195 494 5248 τά
520 5194 662 5263 ἔθνη.
709 5195 814 5246 Καὶ
856 5192 1196 5262 πορεύσονται
1248 5191 1372 5259 ἔθνη
1419 5189 1602 5251 πολλὰ,
1649 5191 1739 5242 καὶ

224 5286 423 5356 ἐροῦσι·
454 5283 637 5345 Δεῦτε,
654 5284 745 5335 καὶ
768 5283 1045 5352 ἀναθῶμεν
1076 5284 1152 5345 είς
1171 5282 1230 5334 τὸ
1256 5282 1375 5351 ὅρος
1399 5279 1619 5347 Κυρίου,
1646 5280 1737 5331 καὶ

226 5376 296 5438 είς
319 5374 412 5426 τὸν
451 5368 595 5425 οϊκον
618 5370 710 5423 τοῦ
755 5370 884 5423 Θεοῦ
922 5370 1125 5433 Ἰακὼό,
1170 5370 1260 5422 καὶ
1290 5366 1566 5435 ἀναγγελεί
1611 5368 1738 5435 ήμῖν

227 5464 315 5533 τὴν
346 5462 460 5516 ὁδὸν
485 5460 664 5525 αὑτοῦ,
705 5462 796 5513 καὶ
836 5458 1195 5530 πορευσόμεθα
1239 5460 1296 5511 ἐν
1335 5459 1467 5526 αὐτῇ
1491 5474 1505 5487 '
1540 5458 1600 5508 ἐκ
1630 5458 1735 5528 γάρ

229 5549 355 5603 Σιὼν
383 5548 711 5617 ἐξελεύσεται
742 5550 917 5617 νόμος,
948 5550 1038 5600 καὶ
1057 5549 1207 5615 λόγος
1235 5545 1437 5615 Κυρίου
1464 5543 1522 5606 ἐξ
1542 5543 1734 5612 Ἰερου-

232 5641 402 5711 ταλήμ
418 5658 431 5672 ο
462 5640 555 5692 καὶ
582 5640 751 5707 κρινεῖ
777 5637 878 5689 ἀ.νά
910 5637 1066 5705 μέσον
1084 5638 1186 5688 τῶν
1212 5635 1396 5696 ἐθνῶν,
1420 5635 1512 5686 καὶ
1533 5633 1729 5701 ἐλέγξει

232 5730 345 5783 tu?"
383 5729 574 5783 πολύν·
623 5727 715 5779 καὶ
760 5726 1077 5794 συγκόψουσι
1120 5726 1214 5788 τὰς
1253 5724 1521 5793 μαχαίρας
1558 5724 1729 5777 αὐτῶν

518 5818 702 5875 Pun.
734 5814 846 5871 Gn.
887 5811 1082 5871 XXII.

2446 4554 2668 4609 CAPUT
2706 4556 2746 4611 Ι.

2460 4644 2544 4698 Ea:
2570 4645 2733 4700 Isaia.

1910 4756 1929 4789 ι
1965 4736 2197 4793 Verbum
2226 4738 2368 4806 quod
2411 4737 2545 4789 vidit
2594 4737 2782 4801 lsaias,
2818 4736 2958 4789 filius
2988 4734 3173 4799 Amos,
3204 4742 3364 4805 super

1836 4829 1969 4883 Juda
2012 4834 2065 4881 et
2102 4826 2418 4881 Jerusalem.
2451 4826 2516 4878 Et
2556 4825 2658 4878 erit
2713 4826 2768 4878 in
2816 4824 3128 4879 novissimis
3175 4825 3362 4880 diebus

1839 4927 2169 4992 praeparatus
2185 4933 2338 4971 mons
2349 4917 2538 4971 domus
2552 4915 2763 4970 Domini
2787 4916 2840 4969 in
2851 4915 3048 4970 vertice
3074 4917 3357 4978 montium,

1838 5021 1891 5066 et
1916 5009 2214 5065 elevabitur
2241 5023 2403 5077 super
2426 5007 2613 5068 colles,
2647 5006 2701 5061 et
2739 5005 2903 5059 ﬂuent
2927 5006 2991 5058 ad
3023 5021 3144 5060 eum
3171 5020 3358 5061 omnes

1839 5108 2040 5172 gentes.
2074 5098 2139 5151 Et
2167 5080 2323 5152 ibunt
2347 5096 2528 5167 populi
2552 5097 2726 5157 multi,
2752 5103 2806 5150 et
2825 5096 3038 5149 dicent:
3073 5094 3280 5155 Venite,
3308 5105 3357 5149 et

1838 5189 2191 5245 ascendamus
2213 5189 2278 5242 ad
2320 5195 2553 5241 montem
2581 5181 2810 5249 Domini,
2842 5194 2894 5239 et
2922 5186 2987 5239 ad
3022 5191 3240 5240 domum
3269 5187 3355 5239 Dei

1834 5279 2018 5341 Iacob,
2040 5285 2093 5333 et
2121 5278 2337 5332 docebit
2360 5292 2459 5332 nos
2481 5276 2597 5331 vias
2625 5292 2773 5338 suas,
2802 5282 2854 5330 et
2886 5277 3277 5330 ambulabimus
3302 5277 3355 5330 in

1834 5368 2040 5425 semitis
2089 5367 2227 5436 ejus.
2270 5368 2405 5432 Quia
2429 5368 2495 5421 de
2521 5366 2649 5421 Sion
2687 5367 2850 5421 exibit
2882 5368 2987 5429 lex,
3035 5376 3088 5422 et
3133 5368 3355 5422 verbum

1836 5457 2045 5512 Domini
2083 5457 2150 5511 de
2185 5457 2500 5513 Jerusalem.
2533 5456 2598 5509 Et
2651 5458 2914 5525 judicabit
2943 5462 3148 5526 gentes,
3173 5468 3227 5512 et
3255 5470 3349 5513 ar—

1832 5560 1954 5621 guet
1983 5550 2206 5620 populos
2238 5552 2435 5603 multos
2479 5568 2493 5603 :
2539 5559 2590 5603 et
2637 5548 2945 5602 conflabunt
2977 5550 3184 5618 gladios
3225 5560 3351 5602 suos

1833 5641 1886 5692 in
1914 5652 2175 5701 vomeres,
2205 5646 2259 5692 et
2290 5639 2505 5691 lanceas
2527 5652 2653 5690 suas
2686 5638 2738 5689 in
2767 5636 2929 5691 falces
2958 5656 2971 5690 :
3010 5651 3117 5689 non
3159 5634 3347 5689 levabit

1832 5744 1961 5799 gens
2002 5736 2190 5783 contra
2233 5734 2440 5799 gentem
2493 5726 2749 5796 gladium,
2797 5740 2895 5780 nec
2960 5726 3342 5780 exercebantur

2989 5812 3072 5870 38
