  <div class='ocr_page' id='page_1' title='image "/cluster/home/n/w/nwhite01/storage/ocr_20150623/22 (Eusebius; pt. 4)/nyp.33433081862355/648.png"; bbox 0 0 3952 6378; ppageno 0'>
   <div class='ocr_carea' id='block_1_1' title="bbox 247 409 371 463">
    <p class='ocr_par' dir='ltr' id='par_1_1' title="bbox 247 409 371 463">
     <span class='ocr_line' id='line_1_1' title="bbox 247 409 371 463; baseline 0.008 -1"><span class='ocrx_word' id='word_1_1' title='bbox 247 409 371 463; x_wconf 78' lang='grc'><strong>1195</strong></span> 
     </span>
    </p>
   </div>
   <div class='ocr_carea' id='block_1_2' title="bbox 1218 408 2380 471">
    <p class='ocr_par' dir='ltr' id='par_1_2' title="bbox 1218 408 2380 471">
     <span class='ocr_line' id='line_1_2' title="bbox 1218 408 2380 471; baseline 0.006 -8"><span class='ocrx_word' id='word_1_2' title='bbox 1218 408 1502 465; x_wconf 69' lang='grc' dir='ltr'>ΕοιοϐιΕ</span> <span class='ocrx_word' id='word_1_3' title='bbox 1538 411 2005 468; x_wconf 69' lang='lat' dir='ltr'><strong>PROPHETICAS.</strong></span> <span class='ocrx_word' id='word_1_4' title='bbox 2034 443 2103 454; x_wconf 86' lang='lat'><strong>-—-</strong></span> <span class='ocrx_word' id='word_1_5' title='bbox 2138 417 2261 469; x_wconf 83' lang='lat' dir='ltr'><strong>LIB.</strong></span> <span class='ocrx_word' id='word_1_6' title='bbox 2291 418 2380 471; x_wconf 83' lang='grc' dir='ltr'>ιν.</span> 
     </span>
    </p>
   </div>
   <div class='ocr_carea' id='block_1_3' title="bbox 3233 418 3364 476">
    <p class='ocr_par' dir='ltr' id='par_1_3' title="bbox 3233 418 3364 476">
     <span class='ocr_line' id='line_1_3' title="bbox 3233 418 3364 476; baseline 0.031 -6"><span class='ocrx_word' id='word_1_7' title='bbox 3233 418 3364 476; x_wconf 69' lang='grc'><strong>1191</strong></span> 
     </span>
    </p>
   </div>
   <div class='ocr_carea' id='block_1_4' title="bbox 240 521 1742 608">
    <p class='ocr_par' dir='ltr' id='par_1_4' title="bbox 240 521 1742 598">
     <span class='ocr_line' id='line_1_4' title="bbox 240 521 1742 598; baseline 0.003 -23"><span class='ocrx_word' id='word_1_8' title='bbox 240 538 387 575; x_wconf 87' lang='grc' dir='ltr'>τινων</span> <span class='ocrx_word' id='word_1_9' title='bbox 409 521 700 593; x_wconf 74' lang='grc' dir='ltr'><strong>προχείρων</strong></span> <span class='ocrx_word' id='word_1_10' title='bbox 724 523 815 577; x_wconf 77' lang='grc' dir='ltr'>καὶ</span> <span class='ocrx_word' id='word_1_11' title='bbox 841 521 1106 591; x_wconf 80' lang='grc' dir='ltr'><strong>βιωτικῶν</strong></span> <span class='ocrx_word' id='word_1_12' title='bbox 1133 524 1422 596; x_wconf 76' lang='grc' dir='ltr'>προύλεγον</span> <span class='ocrx_word' id='word_1_13' title='bbox 1442 542 1457 558; x_wconf 74' lang='grc' dir='ltr'><strong>ο</strong></span> <span class='ocrx_word' id='word_1_14' title='bbox 1493 521 1602 579; x_wconf 73' lang='grc' dir='ltr'>οἷον</span> <span class='ocrx_word' id='word_1_15' title='bbox 1628 528 1742 598; x_wconf 80' lang='grc' dir='ltr'><strong>περί</strong></span> 
     </span>
    </p>
   </div>
   <div class='ocr_carea' id='block_1_5' title="bbox 1838 521 3369 608">
    <p class='ocr_par' dir='ltr' id='par_1_5' title="bbox 1850 528 3369 608">
     <span class='ocr_line' id='line_1_5' title="bbox 1850 528 3369 608; baseline 0.007 -26"><span class='ocrx_word' id='word_1_16' title='bbox 1850 535 1902 582; x_wconf 88' lang='lat' dir='ltr'><strong>et</strong></span> <span class='ocrx_word' id='word_1_17' title='bbox 1959 528 2149 583; x_wconf 75' lang='lat' dir='ltr'><strong>coaevis</strong></span> <span class='ocrx_word' id='word_1_18' title='bbox 2198 529 2587 599; x_wconf 72' lang='lat' dir='ltr'><strong>prtedixerunt;</strong></span> <span class='ocrx_word' id='word_1_19' title='bbox 2635 535 2773 590; x_wconf 86' lang='lat' dir='ltr'><strong>sicut</strong></span> <span class='ocrx_word' id='word_1_20' title='bbox 2817 537 2882 592; x_wconf 90' lang='lat' dir='ltr'><strong>de</strong></span> <span class='ocrx_word' id='word_1_21' title='bbox 2918 537 3140 608; x_wconf 87' lang='lat' dir='ltr'><strong>perditis</strong></span> <span class='ocrx_word' id='word_1_22' title='bbox 3176 537 3369 598; x_wconf 81' lang='lat' dir='ltr'><strong>asinis.</strong></span> 
     </span>
    </p>
   </div>
   <div class='ocr_carea' id='block_1_6' title="bbox 240 612 1753 684">
    <p class='ocr_par' dir='ltr' id='par_1_6' title="bbox 240 612 1753 684">
     <span class='ocr_line' id='line_1_6' title="bbox 240 612 1753 684; baseline 0.003 -20"><span class='ocrx_word' id='word_1_23' title='bbox 240 612 364 665; x_wconf 75' lang='grc' dir='ltr'>ὄνων</span> <span class='ocrx_word' id='word_1_24' title='bbox 386 612 739 677; x_wconf 81' lang='grc' dir='ltr'><strong>ἀπολωλυιῶν,</strong></span> <span class='ocrx_word' id='word_1_25' title='bbox 769 614 860 666; x_wconf 77' lang='grc' dir='ltr'>καὶ</span> <span class='ocrx_word' id='word_1_26' title='bbox 885 615 1008 684; x_wconf 77' lang='grc' dir='ltr'>περὶ</span> <span class='ocrx_word' id='word_1_27' title='bbox 1038 614 1324 668; x_wconf 80' lang='grc' dir='ltr'>νοσούντων</span> <span class='ocrx_word' id='word_1_28' title='bbox 1349 616 1670 683; x_wconf 72' lang='grc' dir='ltr'><strong>ἐπισφαλῶς,</strong></span> <span class='ocrx_word' id='word_1_29' title='bbox 1706 619 1753 669; x_wconf 86' lang='grc' dir='ltr'><strong>εί</strong></span> 
     </span>
    </p>
   </div>
   <div class='ocr_carea' id='block_1_7' title="bbox 240 701 1755 775">
    <p class='ocr_par' dir='ltr' id='par_1_7' title="bbox 240 701 1755 775">
     <span class='ocr_line' id='line_1_7' title="bbox 240 701 1755 775; baseline 0.005 -23"><span class='ocrx_word' id='word_1_30' title='bbox 240 701 559 771; x_wconf 73' lang='grc' dir='ltr'>βιώσονταιῆ</span> <span class='ocrx_word' id='word_1_31' title='bbox 598 704 692 773; x_wconf 79' lang='grc' dir='ltr'>μὴ,</span> <span class='ocrx_word' id='word_1_32' title='bbox 720 704 810 756; x_wconf 73' lang='grc' dir='ltr'>καὶ</span> <span class='ocrx_word' id='word_1_33' title='bbox 838 704 964 774; x_wconf 74' lang='grc' dir='ltr'>περὶ</span> <span class='ocrx_word' id='word_1_34' title='bbox 991 704 1280 774; x_wconf 85' lang='grc' dir='ltr'><strong>μελλούσης</strong></span> <span class='ocrx_word' id='word_1_35' title='bbox 1310 706 1521 759; x_wconf 81' lang='grc' dir='ltr'>ἔσεσθαι</span> <span class='ocrx_word' id='word_1_36' title='bbox 1550 706 1626 775; x_wconf 83' lang='grc' dir='ltr'>τῷ</span> <span class='ocrx_word' id='word_1_37' title='bbox 1644 705 1755 775; x_wconf 88' lang='grc' dir='ltr'>λαῷ</span> 
     </span>
    </p>
   </div>
   <div class='ocr_carea' id='block_1_8' title="bbox 238 791 1753 866">
    <p class='ocr_par' dir='ltr' id='par_1_8' title="bbox 238 791 1753 866">
     <span class='ocr_line' id='line_1_8' title="bbox 238 791 1753 866; baseline 0.003 -21"><span class='ocrx_word' id='word_1_38' title='bbox 238 791 492 860; x_wconf 78' lang='grc' dir='ltr'><strong>εὐθηνίας,</strong></span> <span class='ocrx_word' id='word_1_39' title='bbox 525 794 616 845; x_wconf 77' lang='grc' dir='ltr'><strong>κιιί⁵</strong></span> <span class='ocrx_word' id='word_1_40' title='bbox 642 795 760 864; x_wconf 77' lang='grc' dir='ltr'>περὶ</span> <span class='ocrx_word' id='word_1_41' title='bbox 788 795 954 848; x_wconf 77' lang='grc' dir='ltr'>ἄλλων</span> <span class='ocrx_word' id='word_1_42' title='bbox 987 797 1206 866; x_wconf 86' lang='grc' dir='ltr'>μυρίων,</span> <span class='ocrx_word' id='word_1_43' title='bbox 1234 796 1269 848; x_wconf 79' lang='grc' dir='ltr'>ἃ</span> <span class='ocrx_word' id='word_1_44' title='bbox 1290 799 1407 857; x_wconf 77' lang='grc' dir='ltr'>ταῖς</span> <span class='ocrx_word' id='word_1_45' title='bbox 1425 798 1539 849; x_wconf 80' lang='grc' dir='ltr'>κατ’</span> <span class='ocrx_word' id='word_1_46' title='bbox 1563 797 1753 858; x_wconf 80' lang='grc' dir='ltr'>αὐτοὺς</span> 
     </span>
    </p>
   </div>
   <div class='ocr_carea' id='block_1_9' title="bbox 238 882 1753 956">
    <p class='ocr_par' dir='ltr' id='par_1_9' title="bbox 238 882 1753 956">
     <span class='ocr_line' id='line_1_9' title="bbox 238 882 1753 956; baseline 0.005 -24"><span class='ocrx_word' id='word_1_47' title='bbox 238 882 485 950; x_wconf 82' lang='grc' dir='ltr'><strong>ἱστορίαις</strong></span> <span class='ocrx_word' id='word_1_48' title='bbox 524 883 843 952; x_wconf 76' lang='grc' dir='ltr'><strong>ἐμφέρεται·</strong></span> <span class='ocrx_word' id='word_1_49' title='bbox 878 885 1017 956; x_wconf 83' lang='grc' dir='ltr'>ἆπερ</span> <span class='ocrx_word' id='word_1_50' title='bbox 1040 888 1085 937; x_wconf 81' lang='grc' dir='ltr'>εἰ</span> <span class='ocrx_word' id='word_1_51' title='bbox 1121 886 1191 955; x_wconf 82' lang='grc' dir='ltr'>μὴ</span> <span class='ocrx_word' id='word_1_52' title='bbox 1222 886 1404 939; x_wconf 89' lang='grc' dir='ltr'>τοῦτον</span> <span class='ocrx_word' id='word_1_53' title='bbox 1435 886 1640 953; x_wconf 81' lang='grc' dir='ltr'><strong>γεγόνει</strong></span> <span class='ocrx_word' id='word_1_54' title='bbox 1664 885 1753 940; x_wconf 85' lang='grc' dir='ltr'>τὸν</span> 
     </span>
    </p>
   </div>
   <div class='ocr_carea' id='block_1_10' title="bbox 232 969 1751 1046">
    <p class='ocr_par' dir='ltr' id='par_1_10' title="bbox 232 969 1751 1046">
     <span class='ocr_line' id='line_1_10' title="bbox 232 969 1751 1046; baseline 0.005 -26"><span class='ocrx_word' id='word_1_55' title='bbox 232 969 438 1039; x_wconf 78' lang='grc' dir='ltr'>τρόπον,</span> <span class='ocrx_word' id='word_1_56' title='bbox 467 972 835 1042; x_wconf 81' lang='grc' dir='ltr'>ἀποκρινέσθω</span> <span class='ocrx_word' id='word_1_57' title='bbox 864 992 963 1036; x_wconf 86' lang='grc' dir='ltr'>τις,</span> <span class='ocrx_word' id='word_1_58' title='bbox 993 975 1095 1025; x_wconf 85' lang='grc' dir='ltr'>τίνι</span> <span class='ocrx_word' id='word_1_59' title='bbox 1125 975 1316 1041; x_wconf 84' lang='grc' dir='ltr'>δήποτε</span> <span class='ocrx_word' id='word_1_60' title='bbox 1342 971 1432 1026; x_wconf 64' lang='grc' dir='ltr'>οὖν</span> <span class='ocrx_word' id='word_1_61' title='bbox 1456 975 1594 1043; x_wconf 85' lang='grc' dir='ltr'>λόγῳ</span> <span class='ocrx_word' id='word_1_62' title='bbox 1623 992 1751 1046; x_wconf 83' lang='grc' dir='ltr'>προ-</span> 
     </span>
    </p>
   </div>
   <div class='ocr_carea' id='block_1_11' title="bbox 232 1060 1751 1135">
    <p class='ocr_par' dir='ltr' id='par_1_11' title="bbox 232 1060 1751 1135">
     <span class='ocr_line' id='line_1_11' title="bbox 232 1060 1751 1135; baseline 0.006 -26"><span class='ocrx_word' id='word_1_63' title='bbox 232 1061 393 1128; x_wconf 82' lang='grc' dir='ltr'>φήτας</span> <span class='ocrx_word' id='word_1_64' title='bbox 427 1060 652 1129; x_wconf 90' lang='grc' dir='ltr'>ήγοῦντό</span> <span class='ocrx_word' id='word_1_65' title='bbox 692 1079 750 1113; x_wconf 82' lang='grc' dir='ltr'><strong>τε</strong></span> <span class='ocrx_word' id='word_1_66' title='bbox 784 1064 877 1114; x_wconf 73' lang='grc' dir='ltr'>καὶ</span> <span class='ocrx_word' id='word_1_67' title='bbox 904 1063 1197 1116; x_wconf 77' lang='grc' dir='ltr'>ἀπεκάλουν</span> <span class='ocrx_word' id='word_1_68' title='bbox 1221 1101 1235 1125; x_wconf 91' lang='grc'><strong>,</strong></span> <span class='ocrx_word' id='word_1_69' title='bbox 1282 1064 1313 1133; x_wconf 77' lang='grc' dir='ltr'><strong>ἦ</strong></span> <span class='ocrx_word' id='word_1_70' title='bbox 1344 1064 1428 1116; x_wconf 81' lang='grc' dir='ltr'>διὰ</span> <span class='ocrx_word' id='word_1_71' title='bbox 1462 1065 1511 1116; x_wconf 86' lang='grc' dir='ltr'><strong>τί</strong></span> <span class='ocrx_word' id='word_1_72' title='bbox 1540 1066 1751 1135; x_wconf 83' lang='grc' dir='ltr'>γραφῆς</span> 
     </span>
    </p>
   </div>
   <div class='ocr_carea' id='block_1_12' title="bbox 228 1149 1750 1224">
    <p class='ocr_par' dir='ltr' id='par_1_12' title="bbox 228 1149 1750 1224">
     <span class='ocr_line' id='line_1_12' title="bbox 228 1149 1750 1224; baseline 0.007 -27"><span class='ocrx_word' id='word_1_73' title='bbox 228 1149 345 1210; x_wconf 87' lang='grc' dir='ltr'>τοὺς</span> <span class='ocrx_word' id='word_1_74' title='bbox 372 1149 558 1216; x_wconf 86' lang='grc' dir='ltr'>λόγους</span> <span class='ocrx_word' id='word_1_75' title='bbox 593 1151 766 1204; x_wconf 80' lang='grc' dir='ltr'>αὐτῶν</span> <span class='ocrx_word' id='word_1_76' title='bbox 798 1151 1009 1219; x_wconf 71' lang='grc' dir='ltr'>ήξίουν;</span> <span class='ocrx_word' id='word_1_77' title='bbox 1041 1153 1134 1213; x_wconf 86' lang='grc' dir='ltr'>Τίς</span> <span class='ocrx_word' id='word_1_78' title='bbox 1157 1152 1199 1204; x_wconf 80' lang='grc' dir='ltr'>δ’</span> <span class='ocrx_word' id='word_1_79' title='bbox 1226 1156 1258 1222; x_wconf 84' lang='grc' dir='ltr'><strong>ἡ</strong></span> <span class='ocrx_word' id='word_1_80' title='bbox 1297 1154 1441 1207; x_wconf 86' lang='grc' dir='ltr'>αἰτία</span> <span class='ocrx_word' id='word_1_81' title='bbox 1479 1155 1542 1207; x_wconf 84' lang='grc' dir='ltr'>δι’</span> <span class='ocrx_word' id='word_1_82' title='bbox 1567 1157 1632 1224; x_wconf 86' lang='grc' dir='ltr'>ἢν</span> <span class='ocrx_word' id='word_1_83' title='bbox 1660 1158 1750 1208; x_wconf 71' lang='grc' dir='ltr'>καὶ</span> 
     </span>
    </p>
   </div>
   <div class='ocr_carea' id='block_1_13' title="bbox 228 1238 1778 1311">
    <p class='ocr_par' dir='ltr' id='par_1_13' title="bbox 228 1238 1778 1311">
     <span class='ocr_line' id='line_1_13' title="bbox 228 1238 1778 1311; baseline 0.007 -26"><span class='ocrx_word' id='word_1_84' title='bbox 228 1239 334 1297; x_wconf 85' lang='grc' dir='ltr'>τοῖς</span> <span class='ocrx_word' id='word_1_85' title='bbox 359 1238 644 1305; x_wconf 87' lang='grc' dir='ltr'>μετέπειτα</span> <span class='ocrx_word' id='word_1_86' title='bbox 675 1241 855 1292; x_wconf 74' lang='grc' dir='ltr'>παισὶν</span> <span class='ocrx_word' id='word_1_87' title='bbox 880 1239 1099 1301; x_wconf 78' lang='grc' dir='ltr'>ἑαυτῶν,</span> <span class='ocrx_word' id='word_1_88' title='bbox 1123 1240 1196 1302; x_wconf 86' lang='grc' dir='ltr'>ὼς</span> <span class='ocrx_word' id='word_1_89' title='bbox 1219 1241 1282 1293; x_wconf 83' lang='grc' dir='ltr'>ἂν</span> <span class='ocrx_word' id='word_1_90' title='bbox 1304 1242 1365 1311; x_wconf 84' lang='grc' dir='ltr'>δὴ</span> <span class='ocrx_word' id='word_1_91' title='bbox 1391 1243 1552 1305; x_wconf 80' lang='grc' dir='ltr'>θείας,</span> <span class='ocrx_word' id='word_1_92' title='bbox 1576 1244 1750 1296; x_wconf 82' lang='grc' dir='ltr'>αὐτῶν</span> <span class='ocrx_word' id='word_1_93' title='bbox 1766 1246 1778 1263; x_wconf 85' lang='grc'><strong><em>⁹</em></strong></span> 
     </span>
    </p>
   </div>
   <div class='ocr_carea' id='block_1_14' title="bbox 226 1326 1748 1403">
    <p class='ocr_par' dir='ltr' id='par_1_14' title="bbox 226 1326 1748 1403">
     <span class='ocr_line' id='line_1_14' title="bbox 226 1326 1748 1403; baseline 0.006 -25"><span class='ocrx_word' id='word_1_94' title='bbox 226 1326 316 1389; x_wconf 71' lang='grc' dir='ltr'><strong>τὰς</strong></span> <span class='ocrx_word' id='word_1_95' title='bbox 345 1329 557 1398; x_wconf 70' lang='grc' dir='ltr'>γραφὰς</span> <span class='ocrx_word' id='word_1_96' title='bbox 588 1330 962 1399; x_wconf 74' lang='grc' dir='ltr'>παρεδίδοσανς</span> <span class='ocrx_word' id='word_1_97' title='bbox 994 1333 1167 1402; x_wconf 82' lang='grc' dir='ltr'>Μηδὲν</span> <span class='ocrx_word' id='word_1_98' title='bbox 1192 1332 1298 1403; x_wconf 85' lang='grc' dir='ltr'><strong>γάρ</strong></span> <span class='ocrx_word' id='word_1_99' title='bbox 1338 1350 1388 1385; x_wconf 87' lang='grc' dir='ltr'><strong>τι</strong></span> <span class='ocrx_word' id='word_1_100' title='bbox 1434 1333 1570 1386; x_wconf 88' lang='grc' dir='ltr'>θεῖον</span> <span class='ocrx_word' id='word_1_101' title='bbox 1620 1334 1748 1403; x_wconf 82' lang='grc' dir='ltr'>μηδὲ</span> 
     </span>
    </p>
   </div>
   <div class='ocr_carea' id='block_1_15' title="bbox 225 1416 1745 1490">
    <p class='ocr_par' dir='ltr' id='par_1_15' title="bbox 225 1416 1745 1490">
     <span class='ocr_line' id='line_1_15' title="bbox 225 1416 1745 1490; baseline 0.006 -25"><span class='ocrx_word' id='word_1_102' title='bbox 225 1416 515 1484; x_wconf 79' lang='grc' dir='ltr'>παράδοξον</span> <span class='ocrx_word' id='word_1_103' title='bbox 546 1418 603 1468; x_wconf 82' lang='grc' dir='ltr'><strong>ἐν</strong></span> <span class='ocrx_word' id='word_1_104' title='bbox 633 1421 743 1478; x_wconf 86' lang='grc' dir='ltr'><strong>τοίς</strong></span> <span class='ocrx_word' id='word_1_105' title='bbox 768 1419 1015 1487; x_wconf 78' lang='grc' dir='ltr'>ἀνδράσιν</span> <span class='ocrx_word' id='word_1_106' title='bbox 1047 1420 1349 1488; x_wconf 80' lang='grc' dir='ltr'><strong>ἑωρακότας</strong></span> <span class='ocrx_word' id='word_1_107' title='bbox 1377 1421 1497 1489; x_wconf 86' lang='grc' dir='ltr'>εἰκῆ</span> <span class='ocrx_word' id='word_1_108' title='bbox 1526 1424 1614 1473; x_wconf 74' lang='grc' dir='ltr'>καὶ</span> <span class='ocrx_word' id='word_1_109' title='bbox 1643 1422 1745 1490; x_wconf 83' lang='grc' dir='ltr'>μά-</span> 
     </span>
    </p>
   </div>
   <div class='ocr_carea' id='block_1_16' title="bbox 221 1506 1747 1578">
    <p class='ocr_par' dir='ltr' id='par_1_16' title="bbox 221 1506 1747 1578">
     <span class='ocr_line' id='line_1_16' title="bbox 221 1506 1747 1578; baseline 0.004 -22"><span class='ocrx_word' id='word_1_110' title='bbox 221 1519 316 1574; x_wconf 85' lang='grc' dir='ltr'><strong>την</strong></span> <span class='ocrx_word' id='word_1_111' title='bbox 341 1506 545 1559; x_wconf 72' lang='grc' dir='ltr'>οἴεσθαι</span> <span class='ocrx_word' id='word_1_112' title='bbox 574 1508 699 1574; x_wconf 79' lang='grc' dir='ltr'>περὶ</span> <span class='ocrx_word' id='word_1_113' title='bbox 734 1508 906 1560; x_wconf 74' lang='grc' dir='ltr'>αὐτῶν</span> <span class='ocrx_word' id='word_1_114' title='bbox 944 1508 1156 1561; x_wconf 84' lang='grc' dir='ltr'>τοιαῦτα</span> <span class='ocrx_word' id='word_1_115' title='bbox 1179 1509 1519 1578; x_wconf 65' lang='grc' dir='ltr'>διειληφέναι,</span> <span class='ocrx_word' id='word_1_116' title='bbox 1539 1511 1747 1562; x_wconf 84' lang='grc' dir='ltr'>πάντων</span> 
     </span>
    </p>
   </div>
   <div class='ocr_carea' id='block_1_17' title="bbox 220 1596 1745 1667">
    <p class='ocr_par' dir='ltr' id='par_1_17' title="bbox 220 1596 1745 1667">
     <span class='ocr_line' id='line_1_17' title="bbox 220 1596 1745 1667; baseline 0.003 -19"><span class='ocrx_word' id='word_1_117' title='bbox 220 1597 365 1649; x_wconf 76' lang='grc' dir='ltr'>ἐστὶν</span> <span class='ocrx_word' id='word_1_118' title='bbox 389 1596 803 1649; x_wconf 76' lang='grc' dir='ltr'>ἀπιθανώτατον.</span> <span class='ocrx_word' id='word_1_119' title='bbox 827 1599 887 1649; x_wconf 87' lang='grc' dir='ltr'><strong>Εἰ</strong></span> <span class='ocrx_word' id='word_1_120' title='bbox 906 1598 948 1650; x_wconf 80' lang='grc' dir='ltr'>δ’</span> <span class='ocrx_word' id='word_1_121' title='bbox 968 1598 1256 1667; x_wconf 85' lang='grc' dir='ltr'>ἀναδράμοι</span> <span class='ocrx_word' id='word_1_122' title='bbox 1275 1616 1357 1661; x_wconf 87' lang='grc' dir='ltr'><strong>τις</strong></span> <span class='ocrx_word' id='word_1_123' title='bbox 1381 1601 1469 1652; x_wconf 82' lang='grc' dir='ltr'>ἐπὶ</span> <span class='ocrx_word' id='word_1_124' title='bbox 1490 1601 1612 1662; x_wconf 77' lang='grc' dir='ltr'>τοὺς</span> <span class='ocrx_word' id='word_1_125' title='bbox 1628 1601 1745 1653; x_wconf 86' lang='grc' dir='ltr'>τότε</span> 
     </span>
    </p>
   </div>
   <div class='ocr_carea' id='block_1_18' title="bbox 218 1686 1742 1760">
    <p class='ocr_par' dir='ltr' id='par_1_18' title="bbox 218 1686 1742 1760">
     <span class='ocr_line' id='line_1_18' title="bbox 218 1686 1742 1760; baseline 0.003 -21"><span class='ocrx_word' id='word_1_126' title='bbox 218 1688 438 1757; x_wconf 78' lang='grc' dir='ltr'>χρόνους</span> <span class='ocrx_word' id='word_1_127' title='bbox 467 1690 531 1755; x_wconf 83' lang='grc' dir='ltr'>τῇ</span> <span class='ocrx_word' id='word_1_128' title='bbox 552 1686 769 1757; x_wconf 80' lang='grc' dir='ltr'>διανοίᾳ,</span> <span class='ocrx_word' id='word_1_129' title='bbox 806 1687 855 1739; x_wconf 89' lang='grc' dir='ltr'><strong>τί</strong></span> <span class='ocrx_word' id='word_1_130' title='bbox 886 1688 990 1758; x_wconf 84' lang='grc' dir='ltr'>ἄρα</span> <span class='ocrx_word' id='word_1_131' title='bbox 1016 1690 1359 1759; x_wconf 84' lang='grc' dir='ltr'>ἐπινοήσειεν,</span> <span class='ocrx_word' id='word_1_132' title='bbox 1392 1690 1529 1759; x_wconf 86' lang='grc' dir='ltr'>ὁρῶν</span> <span class='ocrx_word' id='word_1_133' title='bbox 1552 1690 1742 1760; x_wconf 80' lang='grc' dir='ltr'>ἄνδρας</span> 
     </span>
    </p>
   </div>
   <div class='ocr_carea' id='block_1_19' title="bbox 217 1773 1745 1844">
    <p class='ocr_par' dir='ltr' id='par_1_19' title="bbox 217 1773 1745 1844">
     <span class='ocr_line' id='line_1_19' title="bbox 217 1773 1745 1844; baseline 0.004 -20"><span class='ocrx_word' id='word_1_134' title='bbox 217 1774 500 1844; x_wconf 84' lang='grc' dir='ltr'>ἀγροίκους</span> <span class='ocrx_word' id='word_1_135' title='bbox 528 1775 618 1825; x_wconf 75' lang='grc' dir='ltr'><strong>καὶ</strong></span> <span class='ocrx_word' id='word_1_136' title='bbox 656 1773 715 1824; x_wconf 78' lang='grc' dir='ltr'>τὸ</span> <span class='ocrx_word' id='word_1_137' title='bbox 752 1775 927 1843; x_wconf 81' lang='grc' dir='ltr'>σχῆμα</span> <span class='ocrx_word' id='word_1_138' title='bbox 956 1775 1160 1837; x_wconf 79' lang='grc' dir='ltr'>λιτοὺς,</span> <span class='ocrx_word' id='word_1_139' title='bbox 1190 1777 1437 1838; x_wconf 77' lang='grc' dir='ltr'>αἰπόλους</span> <span class='ocrx_word' id='word_1_140' title='bbox 1473 1777 1618 1840; x_wconf 80' lang='grc' dir='ltr'>τινὰς</span> <span class='ocrx_word' id='word_1_141' title='bbox 1654 1780 1745 1830; x_wconf 80' lang='grc' dir='ltr'>καὶ</span> 
     </span>
    </p>
   </div>
   <div class='ocr_carea' id='block_1_20' title="bbox 1852 617 3367 691">
    <p class='ocr_par' dir='ltr' id='par_1_20' title="bbox 1852 617 3367 691">
     <span class='ocr_line' id='line_1_20' title="bbox 1852 617 3367 691; baseline 0.007 -20"><span class='ocrx_word' id='word_1_142' title='bbox 1852 617 1919 671; x_wconf 89' lang='lat' dir='ltr'><strong>de</strong></span> <span class='ocrx_word' id='word_1_143' title='bbox 1963 619 2194 687; x_wconf 73' lang='lat' dir='ltr'><strong>graviter</strong></span> <span class='ocrx_word' id='word_1_144' title='bbox 2235 622 2636 691; x_wconf 68' lang='lat' dir='ltr'><strong>aegrotantibus,</strong></span> <span class='ocrx_word' id='word_1_145' title='bbox 2691 631 2870 680; x_wconf 91' lang='lat' dir='ltr'><strong>utrum</strong></span> <span class='ocrx_word' id='word_1_146' title='bbox 2908 628 3367 689; x_wconf 83' lang='lat' dir='ltr'><strong>convalescerent,</strong></span> 
     </span>
    </p>
   </div>
   <div class='ocr_carea' id='block_1_21' title="bbox 1849 707 3359 789">
    <p class='ocr_par' dir='ltr' id='par_1_21' title="bbox 1849 707 3359 789">
     <span class='ocr_line' id='line_1_21' title="bbox 1849 707 3359 789; baseline 0.01 -31"><span class='ocrx_word' id='word_1_147' title='bbox 1849 720 2036 770; x_wconf 83' lang='lat' dir='ltr'><strong>necne,</strong></span> <span class='ocrx_word' id='word_1_148' title='bbox 2066 707 2132 761; x_wconf 89' lang='lat' dir='ltr'><strong>de</strong></span> <span class='ocrx_word' id='word_1_149' title='bbox 2148 708 2310 763; x_wconf 82' lang='lat' dir='ltr'><strong>rebus</strong></span> <span class='ocrx_word' id='word_1_150' title='bbox 2337 711 2530 778; x_wconf 87' lang='lat' dir='ltr'><strong>populo</strong></span> <span class='ocrx_word' id='word_1_151' title='bbox 2551 710 2775 767; x_wconf 71' lang='lat' dir='ltr'><strong>feliciter</strong></span> <span class='ocrx_word' id='word_1_152' title='bbox 2798 718 3051 781; x_wconf 90' lang='lat' dir='ltr'><strong>cessuris,</strong></span> <span class='ocrx_word' id='word_1_153' title='bbox 3073 719 3359 789; x_wconf 72' lang='lat' dir='ltr'><strong>multisque</strong></span> 
     </span>
    </p>
   </div>
   <div class='ocr_carea' id='block_1_22' title="bbox 1850 796 3359 877">
    <p class='ocr_par' dir='ltr' id='par_1_22' title="bbox 1850 796 3359 877">
     <span class='ocr_line' id='line_1_22' title="bbox 1850 796 3359 877; baseline 0.011 -30"><span class='ocrx_word' id='word_1_154' title='bbox 1850 796 1987 857; x_wconf 88' lang='lat' dir='ltr'><strong>aliis.</strong></span> <span class='ocrx_word' id='word_1_155' title='bbox 2011 806 2128 865; x_wconf 59' lang='lat' dir='ltr'><strong>quae</strong></span> <span class='ocrx_word' id='word_1_156' title='bbox 2156 799 2209 851; x_wconf 92' lang='lat' dir='ltr'><strong>in</strong></span> <span class='ocrx_word' id='word_1_157' title='bbox 2248 814 2433 853; x_wconf 86' lang='lat' dir='ltr'><strong>eorum</strong></span> <span class='ocrx_word' id='word_1_158' title='bbox 2465 802 2702 857; x_wconf 84' lang='lat' dir='ltr'><strong>historiis</strong></span> <span class='ocrx_word' id='word_1_159' title='bbox 2741 807 2973 873; x_wconf 88' lang='lat' dir='ltr'><strong>reperire</strong></span> <span class='ocrx_word' id='word_1_160' title='bbox 3002 815 3084 863; x_wconf 88' lang='lat' dir='ltr'><strong>est</strong></span> <span class='ocrx_word' id='word_1_161' title='bbox 3108 830 3120 864; x_wconf 90' lang='lat'>:</span> <span class='ocrx_word' id='word_1_162' title='bbox 3143 809 3285 877; x_wconf 88' lang='lat' dir='ltr'><strong>quod</strong></span> <span class='ocrx_word' id='word_1_163' title='bbox 3315 810 3359 863; x_wconf 90' lang='lat' dir='ltr'><strong>si</strong></span> 
     </span>
    </p>
   </div>
   <div class='ocr_carea' id='block_1_23' title="bbox 1847 886 3361 968">
    <p class='ocr_par' dir='ltr' id='par_1_23' title="bbox 1847 886 3361 968">
     <span class='ocr_line' id='line_1_23' title="bbox 1847 886 3361 968; baseline 0.009 -31"><span class='ocrx_word' id='word_1_164' title='bbox 1847 900 1953 939; x_wconf 91' lang='lat' dir='ltr'><strong>non</strong></span> <span class='ocrx_word' id='word_1_165' title='bbox 1973 886 2042 938; x_wconf 91' lang='lat' dir='ltr'><strong>ita</strong></span> <span class='ocrx_word' id='word_1_166' title='bbox 2060 902 2116 940; x_wconf 89' lang='lat' dir='ltr'><strong>se</strong></span> <span class='ocrx_word' id='word_1_167' title='bbox 2137 888 2463 956; x_wconf 84' lang='lat' dir='ltr'><strong>habuissent,</strong></span> <span class='ocrx_word' id='word_1_168' title='bbox 2492 892 2619 945; x_wconf 90' lang='lat' dir='ltr'><strong>mihi</strong></span> <span class='ocrx_word' id='word_1_169' title='bbox 2636 893 3006 962; x_wconf 85' lang='lat' dir='ltr'><strong>respondeant,</strong></span> <span class='ocrx_word' id='word_1_170' title='bbox 3027 898 3111 952; x_wconf 93' lang='lat' dir='ltr'><strong>cui</strong></span> <span class='ocrx_word' id='word_1_171' title='bbox 3127 911 3361 968; x_wconf 82' lang='lat' dir='ltr'><strong>unquam</strong></span> 
     </span>
    </p>
   </div>
   <div class='ocr_carea' id='block_1_24' title="bbox 1849 973 3356 1050">
    <p class='ocr_par' dir='ltr' id='par_1_24' title="bbox 1849 973 3356 1050">
     <span class='ocr_line' id='line_1_24' title="bbox 1849 973 3356 1050; baseline 0.01 -26"><span class='ocrx_word' id='word_1_172' title='bbox 1849 973 2013 1042; x_wconf 82' lang='lat' dir='ltr'><strong>igitur</strong></span> <span class='ocrx_word' id='word_1_173' title='bbox 2068 977 2232 1031; x_wconf 88' lang='lat' dir='ltr'><strong>verbo</strong></span> <span class='ocrx_word' id='word_1_174' title='bbox 2289 980 2573 1047; x_wconf 84' lang='lat' dir='ltr'><strong>prophetas</strong></span> <span class='ocrx_word' id='word_1_175' title='bbox 2617 982 2956 1050; x_wconf 81' lang='lat' dir='ltr'><strong>agnovissent</strong></span> <span class='ocrx_word' id='word_1_176' title='bbox 3002 987 3356 1041; x_wconf 79' lang='lat' dir='ltr'><strong>vocavissent-</strong></span> 
     </span>
    </p>
   </div>
   <div class='ocr_carea' id='block_1_25' title="bbox 1847 1066 3362 1139">
    <p class='ocr_par' dir='ltr' id='par_1_25' title="bbox 1847 1066 3362 1139">
     <span class='ocr_line' id='line_1_25' title="bbox 1847 1066 3362 1139; baseline 0.009 -23"><span class='ocrx_word' id='word_1_177' title='bbox 1847 1079 1970 1132; x_wconf 91' lang='lat' dir='ltr'><strong>que.</strong></span> <span class='ocrx_word' id='word_1_178' title='bbox 2004 1066 2089 1118; x_wconf 86' lang='lat' dir='ltr'><strong>vel</strong></span> <span class='ocrx_word' id='word_1_179' title='bbox 2120 1082 2216 1119; x_wconf 89' lang='lat' dir='ltr'><strong>cur</strong></span> <span class='ocrx_word' id='word_1_180' title='bbox 2241 1083 2427 1121; x_wconf 88' lang='lat' dir='ltr'><strong>eorum</strong></span> <span class='ocrx_word' id='word_1_181' title='bbox 2458 1070 2618 1123; x_wconf 88' lang='lat' dir='ltr'><strong>verba</strong></span> <span class='ocrx_word' id='word_1_182' title='bbox 2651 1072 2864 1139; x_wconf 89' lang='lat' dir='ltr'><strong>scriptis</strong></span> <span class='ocrx_word' id='word_1_183' title='bbox 2893 1075 3151 1128; x_wconf 86' lang='lat' dir='ltr'><strong>servanda</strong></span> <span class='ocrx_word' id='word_1_184' title='bbox 3178 1090 3362 1130; x_wconf 78' lang='lat' dir='ltr'><strong>curas-</strong></span> 
     </span>
    </p>
   </div>
   <div class='ocr_carea' id='block_1_26' title="bbox 1846 1154 3360 1231">
    <p class='ocr_par' dir='ltr' id='par_1_26' title="bbox 1846 1154 3360 1231">
     <span class='ocr_line' id='line_1_26' title="bbox 1846 1154 3360 1231; baseline 0.011 -27"><span class='ocrx_word' id='word_1_185' title='bbox 1846 1154 1998 1205; x_wconf 84' lang='lat' dir='ltr'><strong>sent?</strong></span> <span class='ocrx_word' id='word_1_186' title='bbox 2038 1154 2393 1218; x_wconf 84' lang='lat' dir='ltr'><strong>Quamobrem</strong></span> <span class='ocrx_word' id='word_1_187' title='bbox 2430 1160 2726 1225; x_wconf 74' lang='lat' dir='ltr'><strong>posteritati</strong></span> <span class='ocrx_word' id='word_1_188' title='bbox 2775 1176 2884 1216; x_wconf 67' lang='lat' dir='ltr'><strong>sua:</strong></span> <span class='ocrx_word' id='word_1_189' title='bbox 2925 1164 3121 1231; x_wconf 91' lang='lat' dir='ltr'><strong>scripta</strong></span> <span class='ocrx_word' id='word_1_190' title='bbox 3153 1179 3360 1229; x_wconf 88' lang='lat' dir='ltr'><strong>eorum,</strong></span> 
     </span>
    </p>
   </div>
   <div class='ocr_carea' id='block_1_27' title="bbox 1845 1241 3363 1319">
    <p class='ocr_par' dir='ltr' id='par_1_27' title="bbox 1845 1241 3363 1319">
     <span class='ocr_line' id='line_1_27' title="bbox 1845 1241 3363 1319; baseline 0.011 -29"><span class='ocrx_word' id='word_1_191' title='bbox 1845 1241 1995 1307; x_wconf 90' lang='lat' dir='ltr'><strong>quasi</strong></span> <span class='ocrx_word' id='word_1_192' title='bbox 2040 1243 2219 1296; x_wconf 84' lang='lat' dir='ltr'><strong>divina</strong></span> <span class='ocrx_word' id='word_1_193' title='bbox 2274 1246 2654 1300; x_wconf 82' lang='lat' dir='ltr'><strong>tradidissent?</strong></span> <span class='ocrx_word' id='word_1_194' title='bbox 2692 1247 2840 1301; x_wconf 85' lang='lat' dir='ltr'><strong>Haud</strong></span> <span class='ocrx_word' id='word_1_195' title='bbox 2881 1251 3171 1319; x_wconf 86' lang='lat' dir='ltr'><strong>quidquam</strong></span> <span class='ocrx_word' id='word_1_196' title='bbox 3221 1253 3363 1305; x_wconf 89' lang='lat' dir='ltr'><strong>enim</strong></span> 
     </span>
    </p>
   </div>
   <div class='ocr_carea' id='block_1_28' title="bbox 1845 1330 3362 1408">
    <p class='ocr_par' dir='ltr' id='par_1_28' title="bbox 1845 1330 3362 1408">
     <span class='ocr_line' id='line_1_28' title="bbox 1845 1330 3362 1408; baseline 0.008 -26"><span class='ocrx_word' id='word_1_197' title='bbox 1845 1330 2030 1395; x_wconf 86' lang='lat' dir='ltr'><strong>divini,</strong></span> <span class='ocrx_word' id='word_1_198' title='bbox 2056 1333 2139 1386; x_wconf 91' lang='lat' dir='ltr'><strong>vel</strong></span> <span class='ocrx_word' id='word_1_199' title='bbox 2171 1335 2408 1401; x_wconf 67' lang='lat' dir='ltr'><strong>praeclari</strong></span> <span class='ocrx_word' id='word_1_200' title='bbox 2454 1335 2508 1389; x_wconf 93' lang='lat' dir='ltr'><strong>in</strong></span> <span class='ocrx_word' id='word_1_201' title='bbox 2553 1337 2669 1391; x_wconf 89' lang='lat' dir='ltr'><strong>istis</strong></span> <span class='ocrx_word' id='word_1_202' title='bbox 2701 1339 2830 1392; x_wconf 89' lang='lat' dir='ltr'><strong>viris</strong></span> <span class='ocrx_word' id='word_1_203' title='bbox 2874 1341 3255 1408; x_wconf 84' lang='lat' dir='ltr'><strong>perspicientes</strong></span> <span class='ocrx_word' id='word_1_204' title='bbox 3285 1349 3362 1394; x_wconf 54' lang='lat' dir='ltr'><strong>te-</strong></span> 
     </span>
    </p>
   </div>
   <div class='ocr_carea' id='block_1_29' title="bbox 1843 1422 3364 1497">
    <p class='ocr_par' dir='ltr' id='par_1_29' title="bbox 1843 1422 3364 1497">
     <span class='ocr_line' id='line_1_29' title="bbox 1843 1422 3364 1497; baseline 0.007 -26"><span class='ocrx_word' id='word_1_205' title='bbox 1843 1434 1987 1473; x_wconf 88' lang='lat' dir='ltr'><strong>mere</strong></span> <span class='ocrx_word' id='word_1_206' title='bbox 2018 1435 2080 1473; x_wconf 90' lang='lat' dir='ltr'><strong>ac</strong></span> <span class='ocrx_word' id='word_1_207' title='bbox 2109 1422 2500 1477; x_wconf 80' lang='lat' dir='ltr'><strong>inconsiderate</strong></span> <span class='ocrx_word' id='word_1_208' title='bbox 2539 1426 2605 1478; x_wconf 87' lang='lat' dir='ltr'><strong>de</strong></span> <span class='ocrx_word' id='word_1_209' title='bbox 2633 1426 2765 1494; x_wconf 86' lang='lat' dir='ltr'><strong>ipsis</strong></span> <span class='ocrx_word' id='word_1_210' title='bbox 2795 1428 2919 1479; x_wconf 88' lang='lat' dir='ltr'><strong>talia</strong></span> <span class='ocrx_word' id='word_1_211' title='bbox 2952 1429 3220 1497; x_wconf 84' lang='lat' dir='ltr'><strong>accepisse</strong></span> <span class='ocrx_word' id='word_1_212' title='bbox 3255 1431 3364 1496; x_wconf 59' lang='lat' dir='ltr'><strong>opia</strong></span> 
     </span>
    </p>
   </div>
   <div class='ocr_carea' id='block_1_30' title="bbox 1843 1507 3362 1585">
    <p class='ocr_par' dir='ltr' id='par_1_30' title="bbox 1843 1507 3362 1585">
     <span class='ocr_line' id='line_1_30' title="bbox 1843 1507 3362 1585; baseline 0.007 -27"><span class='ocrx_word' id='word_1_213' title='bbox 1843 1507 1981 1565; x_wconf 88' lang='lat' dir='ltr'><strong>nari.</strong></span> <span class='ocrx_word' id='word_1_214' title='bbox 2020 1508 2422 1564; x_wconf 87' lang='lat' dir='ltr'><strong>stolidissimum</strong></span> <span class='ocrx_word' id='word_1_215' title='bbox 2473 1520 2635 1567; x_wconf 88' lang='lat' dir='ltr'><strong>esset.</strong></span> <span class='ocrx_word' id='word_1_216' title='bbox 2703 1513 2757 1568; x_wconf 89' lang='lat' dir='ltr'><strong>Si</strong></span> <span class='ocrx_word' id='word_1_217' title='bbox 2817 1515 2939 1583; x_wconf 89' lang='lat' dir='ltr'><strong>quis</strong></span> <span class='ocrx_word' id='word_1_218' title='bbox 2992 1516 3104 1569; x_wconf 66' lang='lat' dir='ltr'><strong>hare</strong></span> <span class='ocrx_word' id='word_1_219' title='bbox 3146 1518 3362 1585; x_wconf 87' lang='lat' dir='ltr'><strong>antiqua</strong></span> 
     </span>
    </p>
   </div>
   <div class='ocr_carea' id='block_1_31' title="bbox 1842 1598 3363 1667">
    <p class='ocr_par' dir='ltr' id='par_1_31' title="bbox 1842 1598 3363 1667">
     <span class='ocr_line' id='line_1_31' title="bbox 1842 1598 3363 1667; baseline 0.005 -21"><span class='ocrx_word' id='word_1_220' title='bbox 1842 1601 2018 1648; x_wconf 88' lang='lat' dir='ltr'><strong>mente</strong></span> <span class='ocrx_word' id='word_1_221' title='bbox 2044 1604 2354 1663; x_wconf 85' lang='lat' dir='ltr'><strong>percenseat</strong></span> <span class='ocrx_word' id='word_1_222' title='bbox 2388 1606 2647 1666; x_wconf 85' lang='lat' dir='ltr'><strong>tempora,</strong></span> <span class='ocrx_word' id='word_1_223' title='bbox 2675 1598 2801 1667; x_wconf 88' lang='lat' dir='ltr'><strong>quid</strong></span> <span class='ocrx_word' id='word_1_224' title='bbox 2831 1600 3173 1663; x_wconf 83' lang='lat' dir='ltr'><strong>existimabit,</strong></span> <span class='ocrx_word' id='word_1_225' title='bbox 3200 1600 3363 1654; x_wconf 85' lang='lat' dir='ltr'><strong>rusti-</strong></span> 
     </span>
    </p>
   </div>
   <div class='ocr_carea' id='block_1_32' title="bbox 1843 1684 3363 1754">
    <p class='ocr_par' dir='ltr' id='par_1_32' title="bbox 1843 1684 3363 1754">
     <span class='ocr_line' id='line_1_32' title="bbox 1843 1684 3363 1754; baseline 0.004 -20"><span class='ocrx_word' id='word_1_226' title='bbox 1843 1697 1935 1736; x_wconf 79' lang='lat' dir='ltr'><strong>eos</strong></span> <span class='ocrx_word' id='word_1_227' title='bbox 1956 1684 2145 1738; x_wconf 89' lang='lat' dir='ltr'><strong>videns</strong></span> <span class='ocrx_word' id='word_1_228' title='bbox 2187 1684 2450 1748; x_wconf 89' lang='lat' dir='ltr'><strong>homines,</strong></span> <span class='ocrx_word' id='word_1_229' title='bbox 2487 1686 2705 1754; x_wconf 78' lang='lat' dir='ltr'><strong>ignobili</strong></span> <span class='ocrx_word' id='word_1_230' title='bbox 2734 1687 2939 1749; x_wconf 85' lang='lat' dir='ltr'><strong>habitu,</strong></span> <span class='ocrx_word' id='word_1_231' title='bbox 2969 1687 3228 1742; x_wconf 86' lang='lat' dir='ltr'><strong>bubulcos</strong></span> <span class='ocrx_word' id='word_1_232' title='bbox 3258 1690 3363 1742; x_wconf 87' lang='lat' dir='ltr'><strong>sci-</strong></span> 
     </span>
    </p>
   </div>
   <div class='ocr_carea' id='block_1_33' title="bbox 1841 1773 3361 1846">
    <p class='ocr_par' dir='ltr' id='par_1_33' title="bbox 1841 1773 3361 1846">
     <span class='ocr_line' id='line_1_33' title="bbox 1841 1773 3361 1846; baseline 0.004 -22"><span class='ocrx_word' id='word_1_233' title='bbox 1841 1773 1963 1827; x_wconf 90' lang='lat' dir='ltr'><strong>licet</strong></span> <span class='ocrx_word' id='word_1_234' title='bbox 2007 1782 2376 1843; x_wconf 84' lang='lat' dir='ltr'><strong>pastoresque,</strong></span> <span class='ocrx_word' id='word_1_235' title='bbox 2415 1775 2468 1828; x_wconf 89' lang='lat' dir='ltr'><strong>in</strong></span> <span class='ocrx_word' id='word_1_236' title='bbox 2508 1777 2682 1829; x_wconf 87' lang='lat' dir='ltr'><strong>medio</strong></span> <span class='ocrx_word' id='word_1_237' title='bbox 2706 1778 2869 1830; x_wconf 89' lang='lat' dir='ltr'><strong>totius</strong></span> <span class='ocrx_word' id='word_1_238' title='bbox 2901 1778 3072 1846; x_wconf 84' lang='lat' dir='ltr'><strong>gentis</strong></span> <span class='ocrx_word' id='word_1_239' title='bbox 3098 1778 3361 1845; x_wconf 87' lang='lat' dir='ltr'><strong>prodeun-</strong></span> 
     </span>
    </p>
   </div>
   <div class='ocr_carea' id='block_1_34' title="bbox 218 1851 1742 1936">
    <p class='ocr_par' dir='ltr' id='par_1_34' title="bbox 218 1864 1742 1936">
     <span class='ocr_line' id='line_1_34' title="bbox 218 1864 1742 1936; baseline 0.005 -23"><span class='ocrx_word' id='word_1_240' title='bbox 218 1864 490 1932; x_wconf 83' lang='grc' dir='ltr'>ποιμένας,</span> <span class='ocrx_word' id='word_1_241' title='bbox 518 1866 596 1925; x_wconf 89' lang='grc' dir='ltr'><strong>εἰς</strong></span> <span class='ocrx_word' id='word_1_242' title='bbox 619 1866 774 1933; x_wconf 83' lang='grc' dir='ltr'>μέσον</span> <span class='ocrx_word' id='word_1_243' title='bbox 804 1866 995 1928; x_wconf 83' lang='grc' dir='ltr'>παντὸς</span> <span class='ocrx_word' id='word_1_244' title='bbox 1011 1866 1103 1917; x_wconf 90' lang='grc' dir='ltr'><strong>τοῦ</strong></span> <span class='ocrx_word' id='word_1_245' title='bbox 1124 1866 1302 1929; x_wconf 75' lang='grc' dir='ltr'>ἔθνους</span> <span class='ocrx_word' id='word_1_246' title='bbox 1328 1869 1629 1936; x_wconf 83' lang='grc' dir='ltr'>παριόντας,</span> <span class='ocrx_word' id='word_1_247' title='bbox 1653 1869 1742 1921; x_wconf 83' lang='grc' dir='ltr'>καὶ</span> 
     </span>
    </p>
   </div>
   <div class='ocr_carea' id='block_1_35' title="bbox 1838 1851 3360 1936">
    <p class='ocr_par' dir='ltr' id='par_1_35' title="bbox 1844 1865 3360 1934">
     <span class='ocr_line' id='line_1_35' title="bbox 1844 1865 3360 1934; baseline 0.003 -19"><span class='ocrx_word' id='word_1_248' title='bbox 1844 1870 1944 1928; x_wconf 87' lang='lat' dir='ltr'><strong>tes,</strong></span> <span class='ocrx_word' id='word_1_249' title='bbox 1988 1866 2144 1932; x_wconf 89' lang='lat' dir='ltr'><strong>quasi</strong></span> <span class='ocrx_word' id='word_1_250' title='bbox 2195 1865 2285 1919; x_wconf 85' lang='lat' dir='ltr'><strong>Dei</strong></span> <span class='ocrx_word' id='word_1_251' title='bbox 2331 1865 2546 1919; x_wconf 87' lang='lat' dir='ltr'><strong>nomine</strong></span> <span class='ocrx_word' id='word_1_252' title='bbox 2575 1867 2816 1934; x_wconf 79' lang='lat' dir='ltr'><strong>quaedam</strong></span> <span class='ocrx_word' id='word_1_253' title='bbox 2865 1868 3134 1929; x_wconf 87' lang='lat' dir='ltr'><strong>docentes,</strong></span> <span class='ocrx_word' id='word_1_254' title='bbox 3185 1869 3360 1921; x_wconf 73' lang='lat' dir='ltr'><strong>excla-</strong></span> 
     </span>
    </p>
   </div>
   <div class='ocr_carea' id='block_1_36' title="bbox 216 1953 1744 2022">
    <p class='ocr_par' dir='ltr' id='par_1_36' title="bbox 216 1953 1744 2022">
     <span class='ocr_line' id='line_1_36' title="bbox 216 1953 1744 2022; baseline 0.005 -19"><span class='ocrx_word' id='word_1_255' title='bbox 216 1953 287 2014; x_wconf 85' lang='grc' dir='ltr'>ὡς</span> <span class='ocrx_word' id='word_1_256' title='bbox 303 1955 366 2005; x_wconf 85' lang='grc' dir='ltr'><strong>ἐκ</strong></span> <span class='ocrx_word' id='word_1_257' title='bbox 389 1953 673 2021; x_wconf 88' lang='grc' dir='ltr'>προσώπου</span> <span class='ocrx_word' id='word_1_258' title='bbox 703 1953 792 2005; x_wconf 83' lang='grc' dir='ltr'><strong>τοῦ</strong></span> <span class='ocrx_word' id='word_1_259' title='bbox 824 1954 953 2006; x_wconf 85' lang='grc' dir='ltr'>Θεοῦ</span> <span class='ocrx_word' id='word_1_260' title='bbox 987 1972 1104 2008; x_wconf 85' lang='grc' dir='ltr'>τινα</span> <span class='ocrx_word' id='word_1_261' title='bbox 1135 1956 1399 2022; x_wconf 86' lang='grc' dir='ltr'>λέγοντας.</span> <span class='ocrx_word' id='word_1_262' title='bbox 1440 1958 1529 2009; x_wconf 77' lang='grc' dir='ltr'>καὶ</span> <span class='ocrx_word' id='word_1_263' title='bbox 1559 1976 1576 2007; x_wconf 87' lang='grc'>‹</span> <span class='ocrx_word' id='word_1_264' title='bbox 1611 1958 1744 2010; x_wconf 84' lang='grc' dir='ltr'>Τάδε</span> 
     </span>
    </p>
   </div>
   <div class='ocr_carea' id='block_1_37' title="bbox 216 2039 1744 2113">
    <p class='ocr_par' dir='ltr' id='par_1_37' title="bbox 216 2039 1744 2113">
     <span class='ocr_line' id='line_1_37' title="bbox 216 2039 1744 2113; baseline 0.005 -22"><span class='ocrx_word' id='word_1_265' title='bbox 216 2039 351 2107; x_wconf 81' lang='grc' dir='ltr'>λέγει</span> <span class='ocrx_word' id='word_1_266' title='bbox 383 2039 603 2109; x_wconf 87' lang='grc' dir='ltr'>Κύριος,</span> <span class='ocrx_word' id='word_1_267' title='bbox 634 2061 652 2091; x_wconf 74' lang='grc' dir='ltr'><strong>ι</strong></span> <span class='ocrx_word' id='word_1_268' title='bbox 688 2042 1117 2111; x_wconf 76' lang='grc' dir='ltr'>ἀναὸοωμένους,</span> <span class='ocrx_word' id='word_1_269' title='bbox 1165 2042 1254 2097; x_wconf 87' lang='grc' dir='ltr'><strong>ἐπί</strong></span> <span class='ocrx_word' id='word_1_270' title='bbox 1285 2061 1342 2096; x_wconf 91' lang='grc' dir='ltr'><strong>τε</strong></span> <span class='ocrx_word' id='word_1_271' title='bbox 1374 2046 1626 2113; x_wconf 84' lang='grc' dir='ltr'>βασιλέων</span> <span class='ocrx_word' id='word_1_272' title='bbox 1655 2048 1744 2099; x_wconf 79' lang='grc' dir='ltr'>καὶ</span> 
     </span>
    </p>
   </div>
   <div class='ocr_carea' id='block_1_38' title="bbox 216 2128 1742 2205">
    <p class='ocr_par' dir='ltr' id='par_1_38' title="bbox 216 2128 1742 2205">
     <span class='ocr_line' id='line_1_38' title="bbox 216 2128 1742 2205; baseline 0.006 -26"><span class='ocrx_word' id='word_1_273' title='bbox 216 2128 408 2190; x_wconf 86' lang='grc' dir='ltr'>παντὸς</span> <span class='ocrx_word' id='word_1_274' title='bbox 448 2129 541 2180; x_wconf 88' lang='grc' dir='ltr'><strong>τοῦ</strong></span> <span class='ocrx_word' id='word_1_275' title='bbox 571 2129 696 2181; x_wconf 81' lang='grc' dir='ltr'>λαοῦ</span> <span class='ocrx_word' id='word_1_276' title='bbox 731 2130 862 2199; x_wconf 75' lang='grc' dir='ltr'>μετὰ</span> <span class='ocrx_word' id='word_1_277' title='bbox 897 2134 1305 2202; x_wconf 83' lang='grc' dir='ltr'>παραστήματος</span> <span class='ocrx_word' id='word_1_278' title='bbox 1335 2135 1742 2205; x_wconf 78' lang='grc' dir='ltr'>ἀκαταπλήκτου</span> 
     </span>
    </p>
   </div>
   <div class='ocr_carea' id='block_1_39' title="bbox 213 2216 1745 2293">
    <p class='ocr_par' dir='ltr' id='par_1_39' title="bbox 213 2216 1745 2293">
     <span class='ocr_line' id='line_1_39' title="bbox 213 2216 1745 2293; baseline 0.007 -26"><span class='ocrx_word' id='word_1_279' title='bbox 213 2216 667 2286; x_wconf 79' lang='grc' dir='ltr'>δημηγοροῦντας,</span> <span class='ocrx_word' id='word_1_280' title='bbox 698 2220 788 2270; x_wconf 75' lang='grc' dir='ltr'>καὶ</span> <span class='ocrx_word' id='word_1_281' title='bbox 816 2219 1001 2285; x_wconf 76' lang='grc' dir='ltr'>σοφίαν</span> <span class='ocrx_word' id='word_1_282' title='bbox 1030 2219 1166 2290; x_wconf 84' lang='grc' dir='ltr'>ὑπὲρ</span> <span class='ocrx_word' id='word_1_283' title='bbox 1193 2220 1465 2293; x_wconf 78' lang='grc' dir='ltr'>ἄνθρωπον</span> <span class='ocrx_word' id='word_1_284' title='bbox 1492 2224 1745 2278; x_wconf 80' lang='grc' dir='ltr'>ἐνδεικνυ-</span> 
     </span>
    </p>
   </div>
   <div class='ocr_carea' id='block_1_40' title="bbox 217 2312 1743 2385">
    <p class='ocr_par' dir='ltr' id='par_1_40' title="bbox 217 2312 1743 2385">
     <span class='ocr_line' id='line_1_40' title="bbox 217 2312 1743 2385; baseline 0.002 -22"><span class='ocrx_word' id='word_1_285' title='bbox 217 2312 416 2380; x_wconf 82' lang='grc' dir='ltr'>μένους,</span> <span class='ocrx_word' id='word_1_286' title='bbox 446 2314 547 2382; x_wconf 84' lang='grc' dir='ltr'>τὴν</span> <span class='ocrx_word' id='word_1_287' title='bbox 576 2316 666 2365; x_wconf 79' lang='grc' dir='ltr'>καὶ</span> <span class='ocrx_word' id='word_1_288' title='bbox 694 2314 855 2367; x_wconf 83' lang='grc' dir='ltr'>εἰσέτι</span> <span class='ocrx_word' id='word_1_289' title='bbox 875 2314 966 2367; x_wconf 88' lang='grc' dir='ltr'><strong>νῦν</strong></span> <span class='ocrx_word' id='word_1_290' title='bbox 988 2317 1043 2367; x_wconf 84' lang='grc' dir='ltr'><strong>ἐν</strong></span> <span class='ocrx_word' id='word_1_291' title='bbox 1061 2317 1177 2377; x_wconf 82' lang='grc' dir='ltr'>ταῖς</span> <span class='ocrx_word' id='word_1_292' title='bbox 1202 2315 1545 2385; x_wconf 80' lang='grc' dir='ltr'>προφητείαις</span> <span class='ocrx_word' id='word_1_293' title='bbox 1570 2314 1743 2367; x_wconf 83' lang='grc' dir='ltr'>αὐτῶν</span> 
     </span>
    </p>
   </div>
   <div class='ocr_carea' id='block_1_41' title="bbox 215 2402 1744 2474">
    <p class='ocr_par' dir='ltr' id='par_1_41' title="bbox 215 2402 1744 2474">
     <span class='ocr_line' id='line_1_41' title="bbox 215 2402 1744 2474; baseline 0.001 -22"><span class='ocrx_word' id='word_1_294' title='bbox 215 2402 529 2470; x_wconf 80' lang='grc' dir='ltr'>φερομένην,</span> <span class='ocrx_word' id='word_1_295' title='bbox 570 2404 732 2473; x_wconf 85' lang='grc' dir='ltr'>μυρία</span> <span class='ocrx_word' id='word_1_296' title='bbox 761 2421 819 2457; x_wconf 89' lang='grc' dir='ltr'><strong>τε</strong></span> <span class='ocrx_word' id='word_1_297' title='bbox 851 2405 982 2457; x_wconf 80' lang='grc' dir='ltr'>ἄλλα</span> <span class='ocrx_word' id='word_1_298' title='bbox 1005 2405 1071 2457; x_wconf 87' lang='grc' dir='ltr'>δι’</span> <span class='ocrx_word' id='word_1_299' title='bbox 1097 2404 1422 2473; x_wconf 88' lang='grc' dir='ltr'>αἰνιγμάτων</span> <span class='ocrx_word' id='word_1_300' title='bbox 1452 2404 1545 2456; x_wconf 78' lang='grc' dir='ltr'><strong>καὶ</strong></span> <span class='ocrx_word' id='word_1_301' title='bbox 1573 2420 1744 2474; x_wconf 88' lang='grc' dir='ltr'>παρα-</span> 
     </span>
    </p>
   </div>
   <div class='ocr_carea' id='block_1_42' title="bbox 213 2489 1743 2563">
    <p class='ocr_par' dir='ltr' id='par_1_42' title="bbox 213 2489 1743 2563">
     <span class='ocr_line' id='line_1_42' title="bbox 213 2489 1743 2563; baseline 0.002 -22"><span class='ocrx_word' id='word_1_302' title='bbox 213 2489 374 2542; x_wconf 82' lang='grc' dir='ltr'>ϐολῶν</span> <span class='ocrx_word' id='word_1_303' title='bbox 398 2492 680 2562; x_wconf 76' lang='grc' dir='ltr'>ἀπόρρητα</span> <span class='ocrx_word' id='word_1_304' title='bbox 701 2493 1127 2562; x_wconf 74' lang='grc' dir='ltr'>φιλοσοφοῦντας,</span> <span class='ocrx_word' id='word_1_305' title='bbox 1151 2493 1342 2563; x_wconf 72' lang='grc' dir='ltr'>ἠθικήν</span> <span class='ocrx_word' id='word_1_306' title='bbox 1364 2510 1421 2545; x_wconf 86' lang='grc' dir='ltr'><strong>τε</strong></span> <span class='ocrx_word' id='word_1_307' title='bbox 1445 2493 1535 2545; x_wconf 77' lang='grc' dir='ltr'>καὶ</span> <span class='ocrx_word' id='word_1_308' title='bbox 1554 2493 1743 2563; x_wconf 86' lang='grc' dir='ltr'>δογμα-</span> 
     </span>
    </p>
   </div>
   <div class='ocr_carea' id='block_1_43' title="bbox 212 2581 1739 2655">
    <p class='ocr_par' dir='ltr' id='par_1_43' title="bbox 212 2581 1739 2655">
     <span class='ocr_line' id='line_1_43' title="bbox 212 2581 1739 2655; baseline 0.003 -23"><span class='ocrx_word' id='word_1_309' title='bbox 212 2581 358 2651; x_wconf 81' lang='grc' dir='ltr'>τικὴν</span> <span class='ocrx_word' id='word_1_310' title='bbox 379 2585 444 2653; x_wconf 79' lang='grc' dir='ltr'>τῇ</span> <span class='ocrx_word' id='word_1_311' title='bbox 485 2584 746 2653; x_wconf 78' lang='grc' dir='ltr'>Ἑϐραίων</span> <span class='ocrx_word' id='word_1_312' title='bbox 779 2589 923 2655; x_wconf 80' lang='grc' dir='ltr'>φωνῇ</span> <span class='ocrx_word' id='word_1_313' title='bbox 956 2584 1291 2639; x_wconf 83' lang='grc' dir='ltr'>διδασκαλίαν</span> <span class='ocrx_word' id='word_1_314' title='bbox 1320 2584 1398 2654; x_wconf 84' lang='grc' dir='ltr'>τῷ</span> <span class='ocrx_word' id='word_1_315' title='bbox 1426 2584 1536 2654; x_wconf 85' lang='grc' dir='ltr'><strong>λαῷ</strong></span> <span class='ocrx_word' id='word_1_316' title='bbox 1567 2600 1739 2653; x_wconf 89' lang='grc' dir='ltr'>παρα-</span> 
     </span>
    </p>
   </div>
   <div class='ocr_carea' id='block_1_44' title="bbox 210 2670 1740 2744">
    <p class='ocr_par' dir='ltr' id='par_1_44' title="bbox 210 2670 1740 2744">
     <span class='ocr_line' id='line_1_44' title="bbox 210 2670 1740 2744; baseline 0.003 -23"><span class='ocrx_word' id='word_1_317' title='bbox 210 2670 471 2734; x_wconf 86' lang='grc' dir='ltr'>διδόντας,</span> <span class='ocrx_word' id='word_1_318' title='bbox 519 2673 614 2724; x_wconf 75' lang='grc' dir='ltr'>καὶ</span> <span class='ocrx_word' id='word_1_319' title='bbox 649 2673 781 2744; x_wconf 83' lang='grc' dir='ltr'>πρὸς</span> <span class='ocrx_word' id='word_1_320' title='bbox 820 2675 910 2726; x_wconf 57' lang='grc' dir='ltr'><strong>ἐπὶ⁵</strong></span> <span class='ocrx_word' id='word_1_321' title='bbox 947 2674 1150 2735; x_wconf 86' lang='grc' dir='ltr'>τούτοις</span> <span class='ocrx_word' id='word_1_322' title='bbox 1179 2672 1266 2725; x_wconf 81' lang='grc' dir='ltr'>τὸν</span> <span class='ocrx_word' id='word_1_323' title='bbox 1296 2672 1406 2741; x_wconf 85' lang='grc' dir='ltr'>βίον</span> <span class='ocrx_word' id='word_1_324' title='bbox 1435 2676 1543 2736; x_wconf 80' lang='grc' dir='ltr'>τοῖς</span> <span class='ocrx_word' id='word_1_325' title='bbox 1567 2673 1740 2741; x_wconf 87' lang='grc' dir='ltr'>λόγοις</span> 
     </span>
    </p>
   </div>
   <div class='ocr_carea' id='block_1_45' title="bbox 211 2754 1741 2832">
    <p class='ocr_par' dir='ltr' id='par_1_45' title="bbox 211 2754 1741 2832">
     <span class='ocr_line' id='line_1_45' title="bbox 211 2754 1741 2832; baseline 0.003 -22"><span class='ocrx_word' id='word_1_326' title='bbox 211 2758 380 2812; x_wconf 78' lang='grc' dir='ltr'>αὐτῶν</span> <span class='ocrx_word' id='word_1_327' title='bbox 399 2754 724 2830; x_wconf 79' lang='grc' dir='ltr'>κατάλληλον</span> <span class='ocrx_word' id='word_1_328' title='bbox 747 2763 1186 2832; x_wconf 82' lang='grc' dir='ltr'>ἐνδεικνυμένους,</span> <span class='ocrx_word' id='word_1_329' title='bbox 1204 2763 1415 2824; x_wconf 72' lang='grc' dir='ltr'>καὶτοῖς</span> <span class='ocrx_word' id='word_1_330' title='bbox 1436 2763 1596 2814; x_wconf 80' lang='grc' dir='ltr'>πᾶσιν</span> <span class='ocrx_word' id='word_1_331' title='bbox 1618 2764 1741 2815; x_wconf 88' lang='grc' dir='ltr'>ἀκο-</span> 
     </span>
    </p>
   </div>
   <div class='ocr_carea' id='block_1_46' title="bbox 211 2848 1740 2923">
    <p class='ocr_par' dir='ltr' id='par_1_46' title="bbox 211 2848 1740 2923">
     <span class='ocr_line' id='line_1_46' title="bbox 211 2848 1740 2923; baseline 0.003 -23"><span class='ocrx_word' id='word_1_332' title='bbox 211 2848 478 2914; x_wconf 87' lang='grc' dir='ltr'>λακεύτως</span> <span class='ocrx_word' id='word_1_333' title='bbox 506 2852 850 2921; x_wconf 81' lang='grc' dir='ltr'>ὁμιλοῦντας,</span> <span class='ocrx_word' id='word_1_334' title='bbox 880 2854 955 2915; x_wconf 87' lang='grc' dir='ltr'><strong>είς</strong></span> <span class='ocrx_word' id='word_1_335' title='bbox 987 2852 1266 2923; x_wconf 86' lang='grc' dir='ltr'>πρόσωπόν</span> <span class='ocrx_word' id='word_1_336' title='bbox 1295 2869 1353 2904; x_wconf 89' lang='grc' dir='ltr'><strong>τε</strong></span> <span class='ocrx_word' id='word_1_337' title='bbox 1386 2854 1506 2915; x_wconf 80' lang='grc' dir='ltr'>τοὺς</span> <span class='ocrx_word' id='word_1_338' title='bbox 1531 2852 1740 2916; x_wconf 74' lang='grc' dir='ltr'>ἀσεϐεῖς</span> 
     </span>
    </p>
   </div>
   <div class='ocr_carea' id='block_1_47' title="bbox 210 2936 1739 3012">
    <p class='ocr_par' dir='ltr' id='par_1_47' title="bbox 210 2936 1739 3012">
     <span class='ocr_line' id='line_1_47' title="bbox 210 2936 1739 3012; baseline 0.005 -24"><span class='ocrx_word' id='word_1_339' title='bbox 210 2936 592 3007; x_wconf 86' lang='grc' dir='ltr'>διελέγχοντας,</span> <span class='ocrx_word' id='word_1_340' title='bbox 615 2940 689 3002; x_wconf 87' lang='grc' dir='ltr'>ὡς</span> <span class='ocrx_word' id='word_1_341' title='bbox 718 2938 809 2993; x_wconf 76' lang='grc' dir='ltr'>καὶ</span> <span class='ocrx_word' id='word_1_342' title='bbox 835 2940 1262 2993; x_wconf 81' lang='grc' dir='ltr'>ἐπιϐουλεύεσθαι</span> <span class='ocrx_word' id='word_1_343' title='bbox 1295 2940 1426 3012; x_wconf 83' lang='grc' dir='ltr'>πρὸς</span> <span class='ocrx_word' id='word_1_344' title='bbox 1451 2942 1621 2995; x_wconf 82' lang='grc' dir='ltr'>αὐτῶν</span> <span class='ocrx_word' id='word_1_345' title='bbox 1647 2941 1739 3011; x_wconf 80' lang='grc' dir='ltr'>μέ-</span> 
     </span>
    </p>
   </div>
   <div class='ocr_carea' id='block_1_48' title="bbox 210 3026 1738 3100">
    <p class='ocr_par' dir='ltr' id='par_1_48' title="bbox 210 3026 1738 3100">
     <span class='ocr_line' id='line_1_48' title="bbox 210 3026 1738 3100; baseline 0.002 -21"><span class='ocrx_word' id='word_1_346' title='bbox 210 3043 296 3095; x_wconf 86' lang='grc' dir='ltr'>χρι</span> <span class='ocrx_word' id='word_1_347' title='bbox 322 3026 568 3091; x_wconf 88' lang='grc' dir='ltr'>θάνατον,</span> <span class='ocrx_word' id='word_1_348' title='bbox 601 3029 860 3098; x_wconf 81' lang='grc' dir='ltr'>ῥωμαλέῳ</span> <span class='ocrx_word' id='word_1_349' title='bbox 890 3031 982 3083; x_wconf 79' lang='grc' dir='ltr'>καὶ</span> <span class='ocrx_word' id='word_1_350' title='bbox 1011 3030 1236 3099; x_wconf 87' lang='grc' dir='ltr'>γεννικῷ</span> <span class='ocrx_word' id='word_1_351' title='bbox 1263 3032 1638 3100; x_wconf 85' lang='grc' dir='ltr'>παραστήματι</span> <span class='ocrx_word' id='word_1_352' title='bbox 1662 3030 1738 3099; x_wconf 81' lang='grc' dir='ltr'>τῷ</span> 
     </span>
    </p>
   </div>
   <div class='ocr_carea' id='block_1_49' title="bbox 209 3113 1809 3211">
    <p class='ocr_par' dir='ltr' id='par_1_49' title="bbox 209 3113 1809 3211">
     <span class='ocr_line' id='line_1_49' title="bbox 209 3113 1809 3211; baseline 0.001 -45"><span class='ocrx_word' id='word_1_353' title='bbox 209 3113 393 3185; x_wconf 84' lang='grc' dir='ltr'>ἀληθεῖ</span> <span class='ocrx_word' id='word_1_354' title='bbox 405 3116 547 3184; x_wconf 85' lang='grc' dir='ltr'>λόγῳ</span> <span class='ocrx_word' id='word_1_355' title='bbox 565 3116 986 3186; x_wconf 82' lang='grc' dir='ltr'>παρισταμένους</span> <span class='ocrx_word' id='word_1_356' title='bbox 1004 3134 1017 3147; x_wconf 90' lang='grc'><strong>·</strong></span> <span class='ocrx_word' id='word_1_357' title='bbox 1034 3116 1205 3169; x_wconf 89' lang='grc' dir='ltr'>ταῦτά</span> <span class='ocrx_word' id='word_1_358' title='bbox 1215 3134 1296 3178; x_wconf 86' lang='grc' dir='ltr'><strong>τις</strong></span> <span class='ocrx_word' id='word_1_359' title='bbox 1310 3119 1388 3178; x_wconf 89' lang='grc' dir='ltr'><strong>εἰς</strong></span> <span class='ocrx_word' id='word_1_360' title='bbox 1404 3117 1524 3169; x_wconf 92' lang='grc' dir='ltr'>νοῦν</span> <span class='ocrx_word' id='word_1_361' title='bbox 1545 3117 1739 3183; x_wconf 81' lang='grc' dir='ltr'>εὐγνω-</span> <span class='ocrx_word' id='word_1_362' title='bbox 1765 3153 1809 3211; x_wconf 76' lang='lat' dir='ltr'><strong><em>C</em></strong></span> 
     </span>
    </p>
   </div>
   <div class='ocr_carea' id='block_1_50' title="bbox 211 3204 1740 3275">
    <p class='ocr_par' dir='ltr' id='par_1_50' title="bbox 211 3204 1740 3275">
     <span class='ocr_line' id='line_1_50' title="bbox 211 3204 1740 3275; baseline 0.001 -20"><span class='ocrx_word' id='word_1_363' title='bbox 211 3204 384 3273; x_wconf 86' lang='grc' dir='ltr'>μόνως</span> <span class='ocrx_word' id='word_1_364' title='bbox 415 3204 657 3273; x_wconf 79' lang='grc' dir='ltr'>θέμενος,</span> <span class='ocrx_word' id='word_1_365' title='bbox 702 3205 816 3267; x_wconf 86' lang='grc' dir='ltr'><strong>πῶς</strong></span> <span class='ocrx_word' id='word_1_366' title='bbox 845 3206 941 3257; x_wconf 86' lang='grc' dir='ltr'>οὐκ</span> <span class='ocrx_word' id='word_1_367' title='bbox 967 3204 1031 3257; x_wconf 83' lang='grc' dir='ltr'>ἂν</span> <span class='ocrx_word' id='word_1_368' title='bbox 1060 3206 1399 3275; x_wconf 81' lang='grc' dir='ltr'>ὁμολογήσειε</span> <span class='ocrx_word' id='word_1_369' title='bbox 1430 3205 1566 3258; x_wconf 83' lang='grc' dir='ltr'>κατὰ</span> <span class='ocrx_word' id='word_1_370' title='bbox 1596 3204 1740 3257; x_wconf 86' lang='grc' dir='ltr'>θείαν</span> 
     </span>
    </p>
   </div>
   <div class='ocr_carea' id='block_1_51' title="bbox 207 3291 1742 3370">
    <p class='ocr_par' dir='ltr' id='par_1_51' title="bbox 207 3291 1742 3370">
     <span class='ocr_line' id='line_1_51' title="bbox 207 3291 1742 3370; baseline 0.002 -29"><span class='ocrx_word' id='word_1_371' title='bbox 207 3292 281 3355; x_wconf 82' lang='grc' dir='ltr'>ὡς</span> <span class='ocrx_word' id='word_1_372' title='bbox 306 3291 522 3360; x_wconf 83' lang='grc' dir='ltr'>ἀληθῶς</span> <span class='ocrx_word' id='word_1_373' title='bbox 548 3293 821 3346; x_wconf 81' lang='grc' dir='ltr'>ἐπίπνοιαν</span> <span class='ocrx_word' id='word_1_374' title='bbox 848 3293 1016 3347; x_wconf 86' lang='grc' dir='ltr'>ταῦτα</span> <span class='ocrx_word' id='word_1_375' title='bbox 1036 3294 1208 3346; x_wconf 82' lang='grc' dir='ltr'>πάντα</span> <span class='ocrx_word' id='word_1_376' title='bbox 1228 3294 1353 3363; x_wconf 80' lang='grc' dir='ltr'>περὶ</span> <span class='ocrx_word' id='word_1_377' title='bbox 1378 3293 1567 3370; x_wconf 73' lang='grc' dir='ltr'>αὐτοὺς</span> <span class='ocrx_word' id='word_1_378' title='bbox 1588 3307 1742 3359; x_wconf 76' lang='grc' dir='ltr'>γεγο·</span> 
     </span>
    </p>
   </div>
   <div class='ocr_carea' id='block_1_52' title="bbox 206 3374 1743 3450">
    <p class='ocr_par' dir='ltr' id='par_1_52' title="bbox 206 3374 1743 3450">
     <span class='ocr_line' id='line_1_52' title="bbox 206 3374 1743 3450; baseline 0 -19"><span class='ocrx_word' id='word_1_379' title='bbox 206 3376 388 3443; x_wconf 85' lang='grc' dir='ltr'>νέναι;</span> <span class='ocrx_word' id='word_1_380' title='bbox 411 3378 502 3430; x_wconf 84' lang='grc' dir='ltr'><strong>Διὸ</strong></span> <span class='ocrx_word' id='word_1_381' title='bbox 522 3379 612 3431; x_wconf 81' lang='grc' dir='ltr'>καὶ</span> <span class='ocrx_word' id='word_1_382' title='bbox 626 3379 742 3431; x_wconf 86' lang='grc' dir='ltr'>τότε</span> <span class='ocrx_word' id='word_1_383' title='bbox 762 3379 1123 3450; x_wconf 78' lang='grc' dir='ltr'>θαυμάζεσθαι</span> <span class='ocrx_word' id='word_1_384' title='bbox 1141 3381 1333 3442; x_wconf 80' lang='grc' dir='ltr'>αὐτοὺς</span> <span class='ocrx_word' id='word_1_385' title='bbox 1352 3378 1491 3441; x_wconf 80' lang='grc' dir='ltr'>εἰκὸς</span> <span class='ocrx_word' id='word_1_386' title='bbox 1507 3374 1574 3447; x_wconf 77' lang='grc' dir='ltr'>ἦν</span> <span class='ocrx_word' id='word_1_387' title='bbox 1596 3377 1743 3448; x_wconf 90' lang='grc' dir='ltr'><strong>παρά</strong></span> 
     </span>
    </p>
   </div>
   <div class='ocr_carea' id='block_1_53' title="bbox 206 3468 1741 3540">
    <p class='ocr_par' dir='ltr' id='par_1_53' title="bbox 206 3468 1741 3540">
     <span class='ocr_line' id='line_1_53' title="bbox 206 3468 1741 3540; baseline -0.001 -20"><span class='ocrx_word' id='word_1_388' title='bbox 206 3470 318 3531; x_wconf 83' lang='grc' dir='ltr'>τοῖς</span> <span class='ocrx_word' id='word_1_389' title='bbox 367 3468 599 3540; x_wconf 76' lang='grc' dir='ltr'>ἕμφροσι</span> <span class='ocrx_word' id='word_1_390' title='bbox 617 3508 631 3532; x_wconf 92' lang='grc'><strong>,</strong></span> <span class='ocrx_word' id='word_1_391' title='bbox 679 3470 770 3523; x_wconf 75' lang='grc' dir='ltr'><strong>καὶ</strong></span> <span class='ocrx_word' id='word_1_392' title='bbox 809 3472 932 3532; x_wconf 81' lang='grc' dir='ltr'>τοὺς</span> <span class='ocrx_word' id='word_1_393' title='bbox 959 3470 1143 3536; x_wconf 85' lang='grc' dir='ltr'>λόγους</span> <span class='ocrx_word' id='word_1_394' title='bbox 1173 3469 1346 3522; x_wconf 79' lang='grc' dir='ltr'>αὐτῶν</span> <span class='ocrx_word' id='word_1_395' title='bbox 1374 3468 1741 3539; x_wconf 82' lang='grc' dir='ltr'>ἀναγράπτους</span> 
     </span>
    </p>
   </div>
   <div class='ocr_carea' id='block_1_54' title="bbox 208 3557 1741 3628">
    <p class='ocr_par' dir='ltr' id='par_1_54' title="bbox 208 3557 1741 3628">
     <span class='ocr_line' id='line_1_54' title="bbox 208 3557 1741 3628; baseline -0.001 -18"><span class='ocrx_word' id='word_1_396' title='bbox 208 3557 358 3628; x_wconf 85' lang='grc' dir='ltr'><strong>παρά</strong></span> <span class='ocrx_word' id='word_1_397' title='bbox 396 3560 510 3618; x_wconf 80' lang='grc' dir='ltr'>τοῖς</span> <span class='ocrx_word' id='word_1_398' title='bbox 553 3558 1040 3628; x_wconf 77' lang='grc' dir='ltr'>ἱερογραμματεῦσι</span> <span class='ocrx_word' id='word_1_399' title='bbox 1072 3557 1420 3627; x_wconf 81' lang='grc' dir='ltr'>φυλάττεσθαι</span> <span class='ocrx_word' id='word_1_400' title='bbox 1445 3599 1462 3621; x_wconf 89' lang='grc'><strong>,</strong></span> <span class='ocrx_word' id='word_1_401' title='bbox 1489 3557 1653 3609; x_wconf 81' lang='grc' dir='ltr'>εἰσέτι</span> <span class='ocrx_word' id='word_1_402' title='bbox 1684 3574 1741 3609; x_wconf 85' lang='grc' dir='ltr'><strong>τε</strong></span> 
     </span>
    </p>
   </div>
   <div class='ocr_carea' id='block_1_55' title="bbox 207 3642 1740 3716">
    <p class='ocr_par' dir='ltr' id='par_1_55' title="bbox 207 3642 1740 3716">
     <span class='ocr_line' id='line_1_55' title="bbox 207 3642 1740 3716; baseline 0.001 -21"><span class='ocrx_word' id='word_1_403' title='bbox 207 3642 302 3695; x_wconf 84' lang='grc' dir='ltr'><strong>νῦν</strong></span> <span class='ocrx_word' id='word_1_404' title='bbox 334 3644 467 3714; x_wconf 85' lang='grc' dir='ltr'>παρ’</span> <span class='ocrx_word' id='word_1_405' title='bbox 498 3644 601 3712; x_wconf 85' lang='grc' dir='ltr'><strong>ὅλῳ</strong></span> <span class='ocrx_word' id='word_1_406' title='bbox 628 3644 704 3714; x_wconf 84' lang='grc' dir='ltr'>τῷ</span> <span class='ocrx_word' id='word_1_407' title='bbox 731 3644 868 3699; x_wconf 80' lang='grc' dir='ltr'>ἔθνει</span> <span class='ocrx_word' id='word_1_408' title='bbox 902 3647 1177 3716; x_wconf 85' lang='grc' dir='ltr'>προφήτας</span> <span class='ocrx_word' id='word_1_409' title='bbox 1202 3645 1470 3712; x_wconf 81' lang='grc' dir='ltr'>γεγονέναι</span> <span class='ocrx_word' id='word_1_410' title='bbox 1491 3645 1580 3699; x_wconf 86' lang='grc' dir='ltr'><strong>τοῦ</strong></span> <span class='ocrx_word' id='word_1_411' title='bbox 1609 3644 1740 3698; x_wconf 89' lang='grc' dir='ltr'>Θεοῦ</span> 
     </span>
    </p>
   </div>
   <div class='ocr_carea' id='block_1_56' title="bbox 208 3726 1740 3805">
    <p class='ocr_par' dir='ltr' id='par_1_56' title="bbox 208 3726 1740 3805">
     <span class='ocr_line' id='line_1_56' title="bbox 208 3726 1740 3805; baseline 0 -20"><span class='ocrx_word' id='word_1_412' title='bbox 208 3726 572 3786; x_wconf 77' lang='grc' dir='ltr'>πιστεύεσθαι·</span> <span class='ocrx_word' id='word_1_413' title='bbox 593 3733 621 3785; x_wconf 86' lang='grc' dir='ltr'><strong>ὃ</strong></span> <span class='ocrx_word' id='word_1_414' title='bbox 646 3734 738 3786; x_wconf 74' lang='grc' dir='ltr'>καὶ</span> <span class='ocrx_word' id='word_1_415' title='bbox 756 3735 1112 3803; x_wconf 75' lang='grc' dir='ltr'>ἐναργέστατα</span> <span class='ocrx_word' id='word_1_416' title='bbox 1130 3736 1353 3804; x_wconf 80' lang='grc' dir='ltr'>μάλιστα</span> <span class='ocrx_word' id='word_1_417' title='bbox 1373 3733 1682 3803; x_wconf 85' lang='grc' dir='ltr'>παρίστησιν</span> <span class='ocrx_word' id='word_1_418' title='bbox 1707 3736 1740 3805; x_wconf 88' lang='grc' dir='ltr'><strong>ή</strong></span> 
     </span>
    </p>
   </div>
   <div class='ocr_carea' id='block_1_57' title="bbox 208 3817 1744 3891">
    <p class='ocr_par' dir='ltr' id='par_1_57' title="bbox 208 3817 1744 3891">
     <span class='ocr_line' id='line_1_57' title="bbox 208 3817 1744 3891; baseline -0.004 -18"><span class='ocrx_word' id='word_1_419' title='bbox 208 3820 447 3891; x_wconf 79' lang='grc' dir='ltr'>ἡμετέρα</span> <span class='ocrx_word' id='word_1_420' title='bbox 473 3821 598 3891; x_wconf 79' lang='grc' dir='ltr'>περὶ</span> <span class='ocrx_word' id='word_1_421' title='bbox 625 3820 715 3873; x_wconf 88' lang='grc' dir='ltr'><strong>τοῦ</strong></span> <span class='ocrx_word' id='word_1_422' title='bbox 741 3820 967 3891; x_wconf 87' lang='grc' dir='ltr'>Χριστοῦ</span> <span class='ocrx_word' id='word_1_423' title='bbox 982 3822 1252 3890; x_wconf 76' lang='grc' dir='ltr'>διάληψις,</span> <span class='ocrx_word' id='word_1_424' title='bbox 1280 3821 1396 3873; x_wconf 88' lang='grc' dir='ltr'>καθ’</span> <span class='ocrx_word' id='word_1_425' title='bbox 1421 3820 1486 3890; x_wconf 80' lang='grc' dir='ltr'>ἦν</span> <span class='ocrx_word' id='word_1_426' title='bbox 1536 3817 1744 3870; x_wconf 86' lang='grc' dir='ltr'>ἀποδεί-</span> 
     </span>
    </p>
   </div>
   <div class='ocr_carea' id='block_1_58' title="bbox 209 3908 1753 3981">
    <p class='ocr_par' dir='ltr' id='par_1_58' title="bbox 209 3908 1753 3981">
     <span class='ocr_line' id='line_1_58' title="bbox 209 3908 1753 3981; baseline -0.003 -16"><span class='ocrx_word' id='word_1_427' title='bbox 209 3927 410 3981; x_wconf 87' lang='grc' dir='ltr'>κνυμεν</span> <span class='ocrx_word' id='word_1_428' title='bbox 445 3913 622 3965; x_wconf 82' lang='grc' dir='ltr'>πᾶσαν</span> <span class='ocrx_word' id='word_1_429' title='bbox 651 3910 746 3981; x_wconf 82' lang='grc' dir='ltr'>τὴν</span> <span class='ocrx_word' id='word_1_430' title='bbox 782 3915 898 3964; x_wconf 83' lang='grc' dir='ltr'>κατ’</span> <span class='ocrx_word' id='word_1_431' title='bbox 930 3912 1085 3967; x_wconf 82' lang='grc' dir='ltr'>αὐτὸν</span> <span class='ocrx_word' id='word_1_432' title='bbox 1119 3911 1419 3980; x_wconf 89' lang='grc' dir='ltr'>οἰκονομίαν</span> <span class='ocrx_word' id='word_1_433' title='bbox 1461 3908 1753 3978; x_wconf 62' lang='grc' dir='ltr'>γεγενημέι</span> 
     </span>
    </p>
   </div>
   <div class='ocr_carea' id='block_1_59' title="bbox 207 3996 1736 4071">
    <p class='ocr_par' dir='ltr' id='par_1_59' title="bbox 207 3996 1736 4071">
     <span class='ocr_line' id='line_1_59' title="bbox 207 3996 1736 4071; baseline -0.001 -21"><span class='ocrx_word' id='word_1_434' title='bbox 207 4015 335 4068; x_wconf 87' lang='grc' dir='ltr'>νην,</span> <span class='ocrx_word' id='word_1_435' title='bbox 368 4000 438 4052; x_wconf 87' lang='grc' dir='ltr'><strong>τά</strong></span> <span class='ocrx_word' id='word_1_436' title='bbox 459 4015 519 4051; x_wconf 83' lang='grc' dir='ltr'><strong>τε</strong></span> <span class='ocrx_word' id='word_1_437' title='bbox 551 4001 675 4071; x_wconf 80' lang='grc' dir='ltr'><strong>περί¹</strong></span> <span class='ocrx_word' id='word_1_438' title='bbox 698 4001 795 4071; x_wconf 83' lang='grc' dir='ltr'><strong>τῆς</strong></span> <span class='ocrx_word' id='word_1_439' title='bbox 820 4001 1156 4064; x_wconf 82' lang='grc' dir='ltr'>διδασκαλίας</span> <span class='ocrx_word' id='word_1_440' title='bbox 1185 3999 1345 4052; x_wconf 81' lang='grc' dir='ltr'>αὑτοῦ</span> <span class='ocrx_word' id='word_1_441' title='bbox 1368 4039 1383 4064; x_wconf 90' lang='grc'><strong>,</strong></span> <span class='ocrx_word' id='word_1_442' title='bbox 1430 3999 1518 4051; x_wconf 75' lang='grc' dir='ltr'><strong>καὶ</strong></span> <span class='ocrx_word' id='word_1_443' title='bbox 1546 3998 1642 4067; x_wconf 87' lang='grc' dir='ltr'>τῆς</span> <span class='ocrx_word' id='word_1_444' title='bbox 1678 3996 1736 4062; x_wconf 78' lang='grc' dir='ltr'>ἐξ</span> 
     </span>
    </p>
   </div>
   <div class='ocr_carea' id='block_1_60' title="bbox 210 4086 1737 4162">
    <p class='ocr_par' dir='ltr' id='par_1_60' title="bbox 210 4086 1737 4162">
     <span class='ocr_line' id='line_1_60' title="bbox 210 4086 1737 4162; baseline -0.001 -23"><span class='ocrx_word' id='word_1_445' title='bbox 210 4089 464 4141; x_wconf 76' lang='grc' dir='ltr'>ἁπάντων</span> <span class='ocrx_word' id='word_1_446' title='bbox 482 4089 644 4144; x_wconf 81' lang='grc' dir='ltr'>ἐθνῶν</span> <span class='ocrx_word' id='word_1_447' title='bbox 665 4091 953 4162; x_wconf 79' lang='grc' dir='ltr'>γενομένης</span> <span class='ocrx_word' id='word_1_448' title='bbox 971 4093 1035 4145; x_wconf 84' lang='grc' dir='ltr'><strong>δι’</strong></span> <span class='ocrx_word' id='word_1_449' title='bbox 1061 4090 1220 4144; x_wconf 83' lang='grc' dir='ltr'>αὐτοῦ</span> <span class='ocrx_word' id='word_1_450' title='bbox 1245 4086 1737 4160; x_wconf 83' lang='grc' dir='ltr'>κλήσεως,ἀκρι6ῶς</span> 
     </span>
    </p>
   </div>
   <div class='ocr_carea' id='block_1_61' title="bbox 208 4174 1741 4251">
    <p class='ocr_par' dir='ltr' id='par_1_61' title="bbox 208 4174 1741 4251">
     <span class='ocr_line' id='line_1_61' title="bbox 208 4174 1741 4251; baseline -0.001 -22"><span class='ocrx_word' id='word_1_451' title='bbox 208 4174 581 4246; x_wconf 75' lang='grc' dir='ltr'>προεγνῶσθαί</span> <span class='ocrx_word' id='word_1_452' title='bbox 610 4196 668 4232; x_wconf 85' lang='grc' dir='ltr'><strong>τε</strong></span> <span class='ocrx_word' id='word_1_453' title='bbox 695 4180 786 4232; x_wconf 75' lang='grc' dir='ltr'>καὶ</span> <span class='ocrx_word' id='word_1_454' title='bbox 812 4180 915 4251; x_wconf 77' lang='grc' dir='ltr'><strong>πρὸ</strong></span> <span class='ocrx_word' id='word_1_455' title='bbox 944 4180 1145 4251; x_wconf 87' lang='grc' dir='ltr'>μυρίων</span> <span class='ocrx_word' id='word_1_456' title='bbox 1172 4181 1307 4233; x_wconf 84' lang='grc' dir='ltr'>ὅσων</span> <span class='ocrx_word' id='word_1_457' title='bbox 1344 4177 1477 4230; x_wconf 87' lang='grc' dir='ltr'>ἐτῶν</span> <span class='ocrx_word' id='word_1_458' title='bbox 1514 4179 1623 4238; x_wconf 82' lang='grc' dir='ltr'>τοῖς</span> <span class='ocrx_word' id='word_1_459' title='bbox 1654 4175 1741 4228; x_wconf 91' lang='grc' dir='ltr'>θε-</span> 
     </span>
    </p>
   </div>
   <div class='ocr_carea' id='block_1_62' title="bbox 209 4262 1740 4341">
    <p class='ocr_par' dir='ltr' id='par_1_62' title="bbox 209 4262 1740 4341">
     <span class='ocr_line' id='line_1_62' title="bbox 209 4262 1740 4341; baseline -0.001 -22"><span class='ocrx_word' id='word_1_460' title='bbox 209 4266 453 4328; x_wconf 81' lang='grc' dir='ltr'>σπεσίοις</span> <span class='ocrx_word' id='word_1_461' title='bbox 486 4267 704 4331; x_wconf 82' lang='grc' dir='ltr'>ἐκείνοις</span> <span class='ocrx_word' id='word_1_462' title='bbox 725 4270 942 4340; x_wconf 84' lang='grc' dir='ltr'>ἀνδράσι</span> <span class='ocrx_word' id='word_1_463' title='bbox 966 4270 1339 4341; x_wconf 84' lang='grc' dir='ltr'>προειρῆσθαι·</span> <span class='ocrx_word' id='word_1_464' title='bbox 1370 4262 1442 4322; x_wconf 83' lang='grc' dir='ltr'>ὧν</span> <span class='ocrx_word' id='word_1_465' title='bbox 1472 4266 1569 4329; x_wconf 87' lang='grc' dir='ltr'><strong>τάς</strong></span> <span class='ocrx_word' id='word_1_466' title='bbox 1594 4265 1740 4336; x_wconf 86' lang='grc' dir='ltr'>ἰερὰς</span> 
     </span>
    </p>
   </div>
   <div class='ocr_carea' id='block_1_63' title="bbox 1842 1954 3360 2025">
    <p class='ocr_par' dir='ltr' id='par_1_63' title="bbox 1842 1954 3360 2025">
     <span class='ocr_line' id='line_1_63' title="bbox 1842 1954 3360 2025; baseline 0.005 -21"><span class='ocrx_word' id='word_1_467' title='bbox 1842 1960 2170 2022; x_wconf 88' lang='lat' dir='ltr'><strong>mantesque,</strong></span> <span class='ocrx_word' id='word_1_468' title='bbox 2200 1972 2217 2003; x_wconf 82' lang='grc' dir='ltr'><strong>ι</strong></span> <span class='ocrx_word' id='word_1_469' title='bbox 2260 1954 2376 2008; x_wconf 55' lang='lat' dir='ltr'><strong>[lac</strong></span> <span class='ocrx_word' id='word_1_470' title='bbox 2409 1956 2538 2009; x_wconf 89' lang='lat' dir='ltr'><strong>dicit</strong></span> <span class='ocrx_word' id='word_1_471' title='bbox 2579 1955 2852 2018; x_wconf 89' lang='lat' dir='ltr'><strong>Dominus,</strong></span> <span class='ocrx_word' id='word_1_472' title='bbox 2882 1975 2901 2007; x_wconf 76' lang='grc' dir='ltr'><strong>ι</strong></span> <span class='ocrx_word' id='word_1_473' title='bbox 2933 1972 3110 2011; x_wconf 86' lang='lat' dir='ltr'><strong>coram</strong></span> <span class='ocrx_word' id='word_1_474' title='bbox 3147 1958 3360 2025; x_wconf 79' lang='lat' dir='ltr'><strong>regibus</strong></span> 
     </span>
    </p>
   </div>
   <div class='ocr_carea' id='block_1_64' title="bbox 1842 2044 3356 2112">
    <p class='ocr_par' dir='ltr' id='par_1_64' title="bbox 1842 2044 3356 2112">
     <span class='ocr_line' id='line_1_64' title="bbox 1842 2044 3356 2112; baseline 0.003 -17"><span class='ocrx_word' id='word_1_475' title='bbox 1842 2057 1904 2096; x_wconf 87' lang='lat' dir='ltr'><strong>ac</strong></span> <span class='ocrx_word' id='word_1_476' title='bbox 1939 2044 2084 2096; x_wconf 91' lang='lat' dir='ltr'><strong>omni</strong></span> <span class='ocrx_word' id='word_1_477' title='bbox 2113 2044 2307 2112; x_wconf 88' lang='lat' dir='ltr'><strong>p0pulo</strong></span> <span class='ocrx_word' id='word_1_478' title='bbox 2340 2045 2591 2100; x_wconf 89' lang='lat' dir='ltr'><strong>audacter</strong></span> <span class='ocrx_word' id='word_1_479' title='bbox 2613 2061 2675 2099; x_wconf 88' lang='lat' dir='ltr'><strong>ac</strong></span> <span class='ocrx_word' id='word_1_480' title='bbox 2702 2047 2866 2101; x_wconf 88' lang='lat' dir='ltr'><strong>libere</strong></span> <span class='ocrx_word' id='word_1_481' title='bbox 2892 2048 3051 2101; x_wconf 88' lang='lat' dir='ltr'><strong>verba</strong></span> <span class='ocrx_word' id='word_1_482' title='bbox 3084 2047 3356 2108; x_wconf 85' lang='lat' dir='ltr'><strong>facientes,</strong></span> 
     </span>
    </p>
   </div>
   <div class='ocr_carea' id='block_1_65' title="bbox 1841 2132 3360 2204">
    <p class='ocr_par' dir='ltr' id='par_1_65' title="bbox 1841 2132 3360 2204">
     <span class='ocr_line' id='line_1_65' title="bbox 1841 2132 3360 2204; baseline 0.003 -20"><span class='ocrx_word' id='word_1_483' title='bbox 1841 2132 2154 2200; x_wconf 86' lang='lat' dir='ltr'><strong>sapientiam</strong></span> <span class='ocrx_word' id='word_1_484' title='bbox 2213 2134 2443 2187; x_wconf 88' lang='lat' dir='ltr'><strong>humana</strong></span> <span class='ocrx_word' id='word_1_485' title='bbox 2493 2136 2750 2204; x_wconf 89' lang='lat' dir='ltr'><strong>majorem</strong></span> <span class='ocrx_word' id='word_1_486' title='bbox 2809 2137 3186 2197; x_wconf 68' lang='lat' dir='ltr'><strong>ostendentes,</strong></span> <span class='ocrx_word' id='word_1_487' title='bbox 3243 2152 3360 2204; x_wconf 72' lang='lat' dir='ltr'><strong>qua:</strong></span> 
     </span>
    </p>
   </div>
   <div class='ocr_carea' id='block_1_66' title="bbox 1840 2222 3356 2295">
    <p class='ocr_par' dir='ltr' id='par_1_66' title="bbox 1840 2222 3356 2295">
     <span class='ocr_line' id='line_1_66' title="bbox 1840 2222 3356 2295; baseline 0.004 -22"><span class='ocrx_word' id='word_1_488' title='bbox 1840 2236 1985 2275; x_wconf 86' lang='lat' dir='ltr'><strong>nunc</strong></span> <span class='ocrx_word' id='word_1_489' title='bbox 2028 2222 2201 2274; x_wconf 86' lang='lat' dir='ltr'><strong>adhuc</strong></span> <span class='ocrx_word' id='word_1_490' title='bbox 2237 2224 2293 2276; x_wconf 93' lang='lat' dir='ltr'><strong>in</strong></span> <span class='ocrx_word' id='word_1_491' title='bbox 2330 2239 2516 2277; x_wconf 90' lang='lat' dir='ltr'><strong>eorum</strong></span> <span class='ocrx_word' id='word_1_492' title='bbox 2558 2226 2852 2294; x_wconf 86' lang='lat' dir='ltr'><strong>prophetiis</strong></span> <span class='ocrx_word' id='word_1_493' title='bbox 2884 2228 3040 2295; x_wconf 80' lang='lat' dir='ltr'><strong>viget,</strong></span> <span class='ocrx_word' id='word_1_494' title='bbox 3087 2228 3356 2280; x_wconf 77' lang='lat' dir='ltr'><strong>innumera</strong></span> 
     </span>
    </p>
   </div>
   <div class='ocr_carea' id='block_1_67' title="bbox 1840 2312 3354 2386">
    <p class='ocr_par' dir='ltr' id='par_1_67' title="bbox 1840 2312 3354 2386">
     <span class='ocr_line' id='line_1_67' title="bbox 1840 2312 3354 2386; baseline 0.005 -24"><span class='ocrx_word' id='word_1_495' title='bbox 1840 2326 1934 2380; x_wconf 90' lang='lat' dir='ltr'><strong>per</strong></span> <span class='ocrx_word' id='word_1_496' title='bbox 1967 2312 2248 2380; x_wconf 84' lang='lat' dir='ltr'><strong>parabolas</strong></span> <span class='ocrx_word' id='word_1_497' title='bbox 2277 2319 2434 2382; x_wconf 84' lang='lat' dir='ltr'><strong>atque</strong></span> <span class='ocrx_word' id='word_1_498' title='bbox 2465 2315 2744 2384; x_wconf 69' lang='lat' dir='ltr'><strong>arnigmata</strong></span> <span class='ocrx_word' id='word_1_499' title='bbox 2774 2317 3023 2386; x_wconf 82' lang='lat' dir='ltr'><strong>mysteria</strong></span> <span class='ocrx_word' id='word_1_500' title='bbox 3052 2317 3354 2379; x_wconf 89' lang='lat' dir='ltr'><strong>edocentes,</strong></span> 
     </span>
    </p>
   </div>
   <div class='ocr_carea' id='block_1_68' title="bbox 1839 2399 3358 2473">
    <p class='ocr_par' dir='ltr' id='par_1_68' title="bbox 1839 2399 3358 2473">
     <span class='ocr_line' id='line_1_68' title="bbox 1839 2399 3358 2473; baseline 0.004 -23"><span class='ocrx_word' id='word_1_501' title='bbox 1839 2399 2095 2452; x_wconf 89' lang='lat' dir='ltr'><strong>moralem</strong></span> <span class='ocrx_word' id='word_1_502' title='bbox 2124 2407 2177 2453; x_wconf 89' lang='lat' dir='ltr'><strong>et</strong></span> <span class='ocrx_word' id='word_1_503' title='bbox 2212 2400 2568 2469; x_wconf 83' lang='lat' dir='ltr'><strong>dogmaticam</strong></span> <span class='ocrx_word' id='word_1_504' title='bbox 2612 2402 2952 2456; x_wconf 61' lang='lat' dir='ltr'><strong>Hebraeorum</strong></span> <span class='ocrx_word' id='word_1_505' title='bbox 2993 2404 3169 2473; x_wconf 79' lang='lat' dir='ltr'><strong>lingua</strong></span> <span class='ocrx_word' id='word_1_506' title='bbox 3198 2403 3358 2457; x_wconf 83' lang='lat' dir='ltr'><strong>disci-</strong></span> 
     </span>
    </p>
   </div>
   <div class='ocr_carea' id='block_1_69' title="bbox 1839 2487 3357 2560">
    <p class='ocr_par' dir='ltr' id='par_1_69' title="bbox 1839 2487 3357 2560">
     <span class='ocr_line' id='line_1_69' title="bbox 1839 2487 3357 2560; baseline 0.005 -22"><span class='ocrx_word' id='word_1_507' title='bbox 1839 2487 2037 2554; x_wconf 88' lang='lat' dir='ltr'><strong>plinam</strong></span> <span class='ocrx_word' id='word_1_508' title='bbox 2087 2489 2282 2555; x_wconf 85' lang='lat' dir='ltr'><strong>populo</strong></span> <span class='ocrx_word' id='word_1_509' title='bbox 2332 2489 2634 2553; x_wconf 89' lang='lat' dir='ltr'><strong>tradentes,</strong></span> <span class='ocrx_word' id='word_1_510' title='bbox 2689 2491 2850 2544; x_wconf 77' lang='lat' dir='ltr'><strong>vitam</strong></span> <span class='ocrx_word' id='word_1_511' title='bbox 2906 2506 3027 2544; x_wconf 90' lang='lat' dir='ltr'><strong>cum</strong></span> <span class='ocrx_word' id='word_1_512' title='bbox 3083 2492 3357 2560; x_wconf 64' lang='lat' dir='ltr'><strong>praeceptis</strong></span> 
     </span>
    </p>
   </div>
   <div class='ocr_carea' id='block_1_70' title="bbox 1840 2575 3357 2644">
    <p class='ocr_par' dir='ltr' id='par_1_70' title="bbox 1840 2575 3357 2644">
     <span class='ocr_line' id='line_1_70' title="bbox 1840 2575 3357 2644; baseline 0.003 -16"><span class='ocrx_word' id='word_1_513' title='bbox 1840 2576 1952 2630; x_wconf 88' lang='lat' dir='ltr'><strong>suis</strong></span> <span class='ocrx_word' id='word_1_514' title='bbox 1974 2590 2261 2644; x_wconf 81' lang='lat' dir='ltr'><strong>congruam</strong></span> <span class='ocrx_word' id='word_1_515' title='bbox 2289 2575 2560 2644; x_wconf 81' lang='lat' dir='ltr'><strong>degentes,</strong></span> <span class='ocrx_word' id='word_1_516' title='bbox 2591 2592 2773 2631; x_wconf 88' lang='lat' dir='ltr'><strong>coram</strong></span> <span class='ocrx_word' id='word_1_517' title='bbox 2795 2579 3041 2632; x_wconf 89' lang='lat' dir='ltr'><strong>omnibus</strong></span> <span class='ocrx_word' id='word_1_518' title='bbox 3081 2580 3198 2633; x_wconf 89' lang='lat' dir='ltr'><strong>sine</strong></span> <span class='ocrx_word' id='word_1_519' title='bbox 3227 2581 3357 2632; x_wconf 49' lang='lat' dir='ltr'><strong>adu;</strong></span> 
     </span>
    </p>
   </div>
   <div class='ocr_carea' id='block_1_71' title="bbox 1839 2666 3354 2739">
    <p class='ocr_par' dir='ltr' id='par_1_71' title="bbox 1839 2666 3354 2739">
     <span class='ocr_line' id='line_1_71' title="bbox 1839 2666 3354 2739; baseline 0.003 -20"><span class='ocrx_word' id='word_1_520' title='bbox 1839 2666 2033 2719; x_wconf 88' lang='lat' dir='ltr'><strong>latione</strong></span> <span class='ocrx_word' id='word_1_521' title='bbox 2052 2677 2414 2730; x_wconf 80' lang='lat' dir='ltr'><strong>conversatus,</strong></span> <span class='ocrx_word' id='word_1_522' title='bbox 2438 2668 2628 2737; x_wconf 90' lang='lat' dir='ltr'><strong>impios</strong></span> <span class='ocrx_word' id='word_1_523' title='bbox 2642 2669 2815 2736; x_wconf 89' lang='lat' dir='ltr'><strong>palam</strong></span> <span class='ocrx_word' id='word_1_524' title='bbox 2842 2669 3208 2739; x_wconf 83' lang='lat' dir='ltr'><strong>ohjurgantes,</strong></span> <span class='ocrx_word' id='word_1_525' title='bbox 3238 2670 3354 2737; x_wconf 89' lang='lat' dir='ltr'><strong>ipso</strong></span> 
     </span>
    </p>
   </div>
   <div class='ocr_carea' id='block_1_72' title="bbox 1837 2753 3357 2824">
    <p class='ocr_par' dir='ltr' id='par_1_72' title="bbox 1837 2753 3357 2824">
     <span class='ocr_line' id='line_1_72' title="bbox 1837 2753 3357 2824; baseline 0.003 -18"><span class='ocrx_word' id='word_1_526' title='bbox 1837 2753 2024 2806; x_wconf 87' lang='lat' dir='ltr'><strong>mortis</strong></span> <span class='ocrx_word' id='word_1_527' title='bbox 2069 2753 2305 2822; x_wconf 85' lang='lat' dir='ltr'><strong>periculo</strong></span> <span class='ocrx_word' id='word_1_528' title='bbox 2349 2762 2671 2822; x_wconf 79' lang='lat' dir='ltr'><strong>contempto,</strong></span> <span class='ocrx_word' id='word_1_529' title='bbox 2716 2769 2781 2809; x_wconf 89' lang='lat' dir='ltr'><strong>ac</strong></span> <span class='ocrx_word' id='word_1_530' title='bbox 2824 2756 3052 2824; x_wconf 90' lang='lat' dir='ltr'><strong>denique</strong></span> <span class='ocrx_word' id='word_1_531' title='bbox 3083 2756 3357 2810; x_wconf 84' lang='lat' dir='ltr'><strong>veritatem</strong></span> 
     </span>
    </p>
   </div>
   <div class='ocr_carea' id='block_1_73' title="bbox 1836 2841 3356 2911">
    <p class='ocr_par' dir='ltr' id='par_1_73' title="bbox 1836 2841 3356 2911">
     <span class='ocr_line' id='line_1_73' title="bbox 1836 2841 3356 2911; baseline 0.005 -19"><span class='ocrx_word' id='word_1_532' title='bbox 1836 2841 1975 2894; x_wconf 86' lang='lat' dir='ltr'><strong>virili</strong></span> <span class='ocrx_word' id='word_1_533' title='bbox 2023 2855 2388 2911; x_wconf 82' lang='lat' dir='ltr'><strong>generosaque</strong></span> <span class='ocrx_word' id='word_1_534' title='bbox 2434 2842 2778 2898; x_wconf 82' lang='lat' dir='ltr'><strong>defendentes</strong></span> <span class='ocrx_word' id='word_1_535' title='bbox 2832 2845 3072 2898; x_wconf 89' lang='lat' dir='ltr'><strong>audacia.</strong></span> <span class='ocrx_word' id='word_1_536' title='bbox 3124 2843 3252 2909; x_wconf 65' lang='lat' dir='ltr'><strong>Quae</strong></span> <span class='ocrx_word' id='word_1_537' title='bbox 3311 2846 3356 2899; x_wconf 87' lang='lat' dir='ltr'><strong>si</strong></span> 
     </span>
    </p>
   </div>
   <div class='ocr_carea' id='block_1_74' title="bbox 1837 2931 3358 3003">
    <p class='ocr_par' dir='ltr' id='par_1_74' title="bbox 1837 2931 3358 3003">
     <span class='ocr_line' id='line_1_74' title="bbox 1837 2931 3358 3003; baseline 0.003 -19"><span class='ocrx_word' id='word_1_538' title='bbox 1837 2931 1956 3000; x_wconf 89' lang='lat' dir='ltr'><strong>quis</strong></span> <span class='ocrx_word' id='word_1_539' title='bbox 1978 2932 2154 2984; x_wconf 90' lang='lat' dir='ltr'><strong>animo</strong></span> <span class='ocrx_word' id='word_1_540' title='bbox 2181 2932 2460 3002; x_wconf 83' lang='lat' dir='ltr'><strong>diligenter</strong></span> <span class='ocrx_word' id='word_1_541' title='bbox 2484 2941 2711 3000; x_wconf 84' lang='lat' dir='ltr'><strong>reputet,</strong></span> <span class='ocrx_word' id='word_1_542' title='bbox 2738 2948 2843 2986; x_wconf 92' lang='lat' dir='ltr'><strong>non</strong></span> <span class='ocrx_word' id='word_1_543' title='bbox 2874 2935 3067 3003; x_wconf 88' lang='lat' dir='ltr'><strong>poterit</strong></span> <span class='ocrx_word' id='word_1_544' title='bbox 3094 2950 3200 2989; x_wconf 89' lang='lat' dir='ltr'><strong>non</strong></span> <span class='ocrx_word' id='word_1_545' title='bbox 3226 2948 3358 2988; x_wconf 88' lang='lat' dir='ltr'><strong>con-</strong></span> 
     </span>
    </p>
   </div>
   <div class='ocr_carea' id='block_1_75' title="bbox 1837 3020 3354 3093">
    <p class='ocr_par' dir='ltr' id='par_1_75' title="bbox 1837 3020 3354 3093">
     <span class='ocr_line' id='line_1_75' title="bbox 1837 3020 3354 3093; baseline 0.003 -19"><span class='ocrx_word' id='word_1_546' title='bbox 1837 3020 1973 3076; x_wconf 71' lang='lat' dir='ltr'><strong>ﬁteri</strong></span> <span class='ocrx_word' id='word_1_547' title='bbox 2018 3038 2083 3076; x_wconf 79' lang='lat' dir='ltr'><strong>ex</strong></span> <span class='ocrx_word' id='word_1_548' title='bbox 2133 3021 2217 3076; x_wconf 89' lang='lat' dir='ltr'><strong>his</strong></span> <span class='ocrx_word' id='word_1_549' title='bbox 2254 3021 2502 3075; x_wconf 88' lang='lat' dir='ltr'><strong>omnibus</strong></span> <span class='ocrx_word' id='word_1_550' title='bbox 2547 3023 2681 3075; x_wconf 84' lang='lat' dir='ltr'><strong>tales</strong></span> <span class='ocrx_word' id='word_1_551' title='bbox 2726 3024 2868 3079; x_wconf 90' lang='lat' dir='ltr'><strong>viros</strong></span> <span class='ocrx_word' id='word_1_552' title='bbox 2913 3025 3090 3078; x_wconf 90' lang='lat' dir='ltr'><strong>divina</strong></span> <span class='ocrx_word' id='word_1_553' title='bbox 3126 3024 3354 3093; x_wconf 76' lang='lat' dir='ltr'><strong>quadam</strong></span> 
     </span>
    </p>
   </div>
   <div class='ocr_carea' id='block_1_76' title="bbox 1838 3110 3357 3180">
    <p class='ocr_par' dir='ltr' id='par_1_76' title="bbox 1838 3110 3357 3180">
     <span class='ocr_line' id='line_1_76' title="bbox 1838 3110 3357 3180; baseline 0.002 -17"><span class='ocrx_word' id='word_1_554' title='bbox 1838 3110 2185 3178; x_wconf 88' lang='lat' dir='ltr'><strong>inspiratione</strong></span> <span class='ocrx_word' id='word_1_555' title='bbox 2227 3125 2342 3163; x_wconf 89' lang='lat' dir='ltr'><strong>esse</strong></span> <span class='ocrx_word' id='word_1_556' title='bbox 2381 3110 2604 3166; x_wconf 82' lang='lat' dir='ltr'><strong>aﬂlatos.</strong></span> <span class='ocrx_word' id='word_1_557' title='bbox 2656 3111 2880 3180; x_wconf 85' lang='lat' dir='ltr'><strong>Ideoque</strong></span> <span class='ocrx_word' id='word_1_558' title='bbox 2924 3123 3051 3168; x_wconf 91' lang='lat' dir='ltr'><strong>tunc</strong></span> <span class='ocrx_word' id='word_1_559' title='bbox 3087 3128 3180 3168; x_wconf 90' lang='lat' dir='ltr'><strong>eos</strong></span> <span class='ocrx_word' id='word_1_560' title='bbox 3218 3114 3357 3167; x_wconf 88' lang='lat' dir='ltr'><strong>inter</strong></span> 
     </span>
    </p>
   </div>
   <div class='ocr_carea' id='block_1_77' title="bbox 1838 3198 3356 3271">
    <p class='ocr_par' dir='ltr' id='par_1_77' title="bbox 1838 3198 3356 3271">
     <span class='ocr_line' id='line_1_77' title="bbox 1838 3198 3356 3271; baseline 0.003 -20"><span class='ocrx_word' id='word_1_561' title='bbox 1838 3198 2260 3264; x_wconf 86' lang='lat' dir='ltr'><strong>sapientissimos</strong></span> <span class='ocrx_word' id='word_1_562' title='bbox 2315 3211 2523 3265; x_wconf 71' lang='lat' dir='ltr'><strong>aequum</strong></span> <span class='ocrx_word' id='word_1_563' title='bbox 2563 3209 2677 3251; x_wconf 89' lang='lat' dir='ltr'><strong>erat</strong></span> <span class='ocrx_word' id='word_1_564' title='bbox 2731 3200 3019 3260; x_wconf 84' lang='lat' dir='ltr'><strong>admirari,</strong></span> <span class='ocrx_word' id='word_1_565' title='bbox 3069 3216 3356 3271; x_wconf 88' lang='lat' dir='ltr'><strong>eorumque</strong></span> 
     </span>
    </p>
   </div>
   <div class='ocr_carea' id='block_1_78' title="bbox 1836 3284 3357 3358">
    <p class='ocr_par' dir='ltr' id='par_1_78' title="bbox 1836 3284 3357 3358">
     <span class='ocr_line' id='line_1_78' title="bbox 1836 3284 3357 3358; baseline 0.003 -19"><span class='ocrx_word' id='word_1_566' title='bbox 1836 3287 1996 3339; x_wconf 86' lang='lat' dir='ltr'><strong>verba</strong></span> <span class='ocrx_word' id='word_1_567' title='bbox 2040 3287 2206 3338; x_wconf 79' lang='lat' dir='ltr'><strong>sacris</strong></span> <span class='ocrx_word' id='word_1_568' title='bbox 2251 3300 2569 3339; x_wconf 83' lang='lat' dir='ltr'><strong>conservare</strong></span> <span class='ocrx_word' id='word_1_569' title='bbox 2610 3284 2920 3354; x_wconf 88' lang='lat' dir='ltr'><strong>Scripturis,</strong></span> <span class='ocrx_word' id='word_1_570' title='bbox 2981 3302 3073 3344; x_wconf 85' lang='lat' dir='ltr'><strong>eos</strong></span> <span class='ocrx_word' id='word_1_571' title='bbox 3128 3289 3357 3358; x_wconf 83' lang='lat' dir='ltr'><strong>denique</strong></span> 
     </span>
    </p>
   </div>
   <div class='ocr_carea' id='block_1_79' title="bbox 1835 3376 3356 3448">
    <p class='ocr_par' dir='ltr' id='par_1_79' title="bbox 1835 3376 3356 3448">
     <span class='ocr_line' id='line_1_79' title="bbox 1835 3376 3356 3448; baseline 0.003 -20"><span class='ocrx_word' id='word_1_572' title='bbox 1835 3389 2005 3443; x_wconf 87' lang='lat' dir='ltr'><strong>usque</strong></span> <span class='ocrx_word' id='word_1_573' title='bbox 2032 3390 2175 3428; x_wconf 92' lang='lat' dir='ltr'><strong>nunc</strong></span> <span class='ocrx_word' id='word_1_574' title='bbox 2214 3376 2353 3444; x_wconf 88' lang='lat' dir='ltr'><strong>apud</strong></span> <span class='ocrx_word' id='word_1_575' title='bbox 2382 3390 2567 3430; x_wconf 88' lang='lat' dir='ltr'><strong>omnes</strong></span> <span class='ocrx_word' id='word_1_576' title='bbox 2602 3384 2786 3445; x_wconf 86' lang='lat' dir='ltr'><strong>gentes</strong></span> <span class='ocrx_word' id='word_1_577' title='bbox 2827 3378 2971 3430; x_wconf 77' lang='lat' dir='ltr'><strong>velut</strong></span> <span class='ocrx_word' id='word_1_578' title='bbox 3007 3378 3099 3431; x_wconf 88' lang='lat' dir='ltr'><strong>Dei</strong></span> <span class='ocrx_word' id='word_1_579' title='bbox 3128 3382 3356 3448; x_wconf 89' lang='lat' dir='ltr'><strong>prophe-</strong></span> 
     </span>
    </p>
   </div>
   <div class='ocr_carea' id='block_1_80' title="bbox 1835 3463 3355 3528">
    <p class='ocr_par' dir='ltr' id='par_1_80' title="bbox 1835 3463 3355 3528">
     <span class='ocr_line' id='line_1_80' title="bbox 1835 3463 3355 3528; baseline 0.004 -13"><span class='ocrx_word' id='word_1_580' title='bbox 1835 3469 1920 3518; x_wconf 87' lang='lat' dir='ltr'><strong>tas</strong></span> <span class='ocrx_word' id='word_1_581' title='bbox 1948 3463 2113 3517; x_wconf 90' lang='lat' dir='ltr'><strong>credi.</strong></span> <span class='ocrx_word' id='word_1_582' title='bbox 2146 3463 2298 3528; x_wconf 82' lang='lat' dir='ltr'><strong>Quod</strong></span> <span class='ocrx_word' id='word_1_583' title='bbox 2325 3472 2377 3518; x_wconf 90' lang='lat' dir='ltr'><strong>et</strong></span> <span class='ocrx_word' id='word_1_584' title='bbox 2404 3465 2840 3520; x_wconf 77' lang='lat' dir='ltr'><strong>manifestissime</strong></span> <span class='ocrx_word' id='word_1_585' title='bbox 2871 3467 3146 3521; x_wconf 86' lang='lat' dir='ltr'><strong>confirmat</strong></span> <span class='ocrx_word' id='word_1_586' title='bbox 3172 3479 3355 3522; x_wconf 85' lang='lat' dir='ltr'><strong>nostra</strong></span> 
     </span>
    </p>
   </div>
   <div class='ocr_carea' id='block_1_81' title="bbox 1836 3552 3353 3622">
    <p class='ocr_par' dir='ltr' id='par_1_81' title="bbox 1836 3552 3353 3622">
     <span class='ocr_line' id='line_1_81' title="bbox 1836 3552 3353 3622; baseline 0.003 -16"><span class='ocrx_word' id='word_1_587' title='bbox 1836 3552 1905 3606; x_wconf 84' lang='lat' dir='ltr'><strong>de</strong></span> <span class='ocrx_word' id='word_1_588' title='bbox 1922 3552 2139 3606; x_wconf 77' lang='lat' dir='ltr'><strong>Christo</strong></span> <span class='ocrx_word' id='word_1_589' title='bbox 2169 3553 2484 3621; x_wconf 88' lang='lat' dir='ltr'><strong>disputatio.</strong></span> <span class='ocrx_word' id='word_1_590' title='bbox 2516 3569 2621 3622; x_wconf 91' lang='lat' dir='ltr'><strong>qua</strong></span> <span class='ocrx_word' id='word_1_591' title='bbox 2663 3555 3145 3609; x_wconf 87' lang='lat' dir='ltr'><strong>demonstravimus</strong></span> <span class='ocrx_word' id='word_1_592' title='bbox 3174 3559 3353 3611; x_wconf 85' lang='lat' dir='ltr'><strong>omnia</strong></span> 
     </span>
    </p>
   </div>
   <div class='ocr_carea' id='block_1_82' title="bbox 1837 3640 3345 3713">
    <p class='ocr_par' dir='ltr' id='par_1_82' title="bbox 1837 3640 3345 3713">
     <span class='ocr_line' id='line_1_82' title="bbox 1837 3640 3345 3713; baseline 0.003 -20"><span class='ocrx_word' id='word_1_593' title='bbox 1837 3655 1953 3710; x_wconf 76' lang='lat' dir='ltr'><strong>qua:</strong></span> <span class='ocrx_word' id='word_1_594' title='bbox 1984 3640 2295 3694; x_wconf 88' lang='lat' dir='ltr'><strong>acciderunt</strong></span> <span class='ocrx_word' id='word_1_595' title='bbox 2339 3641 2411 3704; x_wconf 90' lang='lat' dir='ltr'><strong>ei,</strong></span> <span class='ocrx_word' id='word_1_596' title='bbox 2440 3656 2647 3694; x_wconf 89' lang='lat' dir='ltr'><strong>omnem</strong></span> <span class='ocrx_word' id='word_1_597' title='bbox 2686 3642 2804 3708; x_wconf 86' lang='lat' dir='ltr'><strong>ejus</strong></span> <span class='ocrx_word' id='word_1_598' title='bbox 2845 3643 3201 3711; x_wconf 86' lang='lat' dir='ltr'><strong>disciplinam,</strong></span> <span class='ocrx_word' id='word_1_599' title='bbox 3232 3660 3345 3713; x_wconf 87' lang='lat' dir='ltr'><strong>gen-</strong></span> 
     </span>
    </p>
   </div>
   <div class='ocr_carea' id='block_1_83' title="bbox 1836 3730 3356 3800">
    <p class='ocr_par' dir='ltr' id='par_1_83' title="bbox 1836 3730 3356 3800">
     <span class='ocr_line' id='line_1_83' title="bbox 1836 3730 3356 3800; baseline 0 -16"><span class='ocrx_word' id='word_1_600' title='bbox 1836 3732 2073 3800; x_wconf 90' lang='lat' dir='ltr'><strong>tiumque</strong></span> <span class='ocrx_word' id='word_1_601' title='bbox 2111 3730 2181 3784; x_wconf 86' lang='lat' dir='ltr'><strong>ab</strong></span> <span class='ocrx_word' id='word_1_602' title='bbox 2221 3744 2286 3783; x_wconf 87' lang='lat' dir='ltr'><strong>eo</strong></span> <span class='ocrx_word' id='word_1_603' title='bbox 2319 3730 2511 3783; x_wconf 85' lang='lat' dir='ltr'><strong>factam</strong></span> <span class='ocrx_word' id='word_1_604' title='bbox 2550 3732 2906 3789; x_wconf 87' lang='lat' dir='ltr'><strong>vocationem.</strong></span> <span class='ocrx_word' id='word_1_605' title='bbox 2932 3742 3184 3798; x_wconf 82' lang='lat' dir='ltr'><strong>expresse</strong></span> <span class='ocrx_word' id='word_1_606' title='bbox 3220 3746 3356 3798; x_wconf 61' lang='lat' dir='ltr'><strong>prae-</strong></span> 
     </span>
    </p>
   </div>
   <div class='ocr_carea' id='block_1_84' title="bbox 1837 3816 3354 3884">
    <p class='ocr_par' dir='ltr' id='par_1_84' title="bbox 1837 3816 3354 3884">
     <span class='ocr_line' id='line_1_84' title="bbox 1837 3816 3354 3884; baseline 0.001 -13"><span class='ocrx_word' id='word_1_607' title='bbox 1837 3818 2100 3876; x_wconf 87' lang='lat' dir='ltr'><strong>nuntiata,</strong></span> <span class='ocrx_word' id='word_1_608' title='bbox 2147 3816 2434 3884; x_wconf 81' lang='lat' dir='ltr'><strong>multisque</strong></span> <span class='ocrx_word' id='word_1_609' title='bbox 2466 3823 2590 3870; x_wconf 90' lang='lat' dir='ltr'><strong>ante</strong></span> <span class='ocrx_word' id='word_1_610' title='bbox 2637 3818 2793 3871; x_wconf 83' lang='lat' dir='ltr'><strong>annis</strong></span> <span class='ocrx_word' id='word_1_611' title='bbox 2832 3817 2898 3870; x_wconf 90' lang='lat' dir='ltr'><strong>ab</strong></span> <span class='ocrx_word' id='word_1_612' title='bbox 2940 3817 3058 3872; x_wconf 93' lang='lat' dir='ltr'><strong>istis</strong></span> <span class='ocrx_word' id='word_1_613' title='bbox 3103 3818 3354 3873; x_wconf 79' lang='lat' dir='ltr'><strong>divinitus</strong></span> 
     </span>
    </p>
   </div>
   <div class='ocr_carea' id='block_1_85' title="bbox 1838 3895 3358 3972">
    <p class='ocr_par' dir='ltr' id='par_1_85' title="bbox 1838 3895 3358 3972">
     <span class='ocr_line' id='line_1_85' title="bbox 1838 3895 3358 3972; baseline 0.001 -14"><span class='ocrx_word' id='word_1_614' title='bbox 1838 3895 2026 3960; x_wconf 82' lang='lat' dir='ltr'><strong>amatis</strong></span> <span class='ocrx_word' id='word_1_615' title='bbox 2052 3906 2181 3958; x_wconf 74' lang='lat' dir='ltr'><strong>viris</strong></span> <span class='ocrx_word' id='word_1_616' title='bbox 2208 3904 2461 3972; x_wconf 59' lang='lat' dir='ltr'><strong>praedicta</strong></span> <span class='ocrx_word' id='word_1_617' title='bbox 2504 3903 2689 3958; x_wconf 88' lang='lat' dir='ltr'><strong>fuisse.</strong></span> <span class='ocrx_word' id='word_1_618' title='bbox 2716 3905 2952 3970; x_wconf 86' lang='lat' dir='ltr'><strong>Quorum</strong></span> <span class='ocrx_word' id='word_1_619' title='bbox 2982 3921 3164 3960; x_wconf 90' lang='lat' dir='ltr'><strong>sacros</strong></span> <span class='ocrx_word' id='word_1_620' title='bbox 3195 3908 3358 3961; x_wconf 87' lang='lat' dir='ltr'><strong>libros</strong></span> 
     </span>
    </p>
   </div>
   <div class='ocr_carea' id='block_1_86' title="bbox 1828 3994 3359 4064">
    <p class='ocr_par' dir='ltr' id='par_1_86' title="bbox 1828 3994 3359 4064">
     <span class='ocr_line' id='line_1_86' title="bbox 1828 3994 3359 4064; baseline 0 -15"><span class='ocrx_word' id='word_1_621' title='bbox 1828 3995 1994 4049; x_wconf 66' lang='lat' dir='ltr'><strong>Judaei</strong></span> <span class='ocrx_word' id='word_1_622' title='bbox 2041 3994 2244 4061; x_wconf 84' lang='lat' dir='ltr'><strong>majore</strong></span> <span class='ocrx_word' id='word_1_623' title='bbox 2289 3994 2432 4063; x_wconf 91' lang='lat' dir='ltr'><strong>digni</strong></span> <span class='ocrx_word' id='word_1_624' title='bbox 2483 3994 2586 4048; x_wconf 86' lang='lat' dir='ltr'><strong>ﬁde</strong></span> <span class='ocrx_word' id='word_1_625' title='bbox 2632 4010 2791 4063; x_wconf 88' lang='lat' dir='ltr'><strong>quam</strong></span> <span class='ocrx_word' id='word_1_626' title='bbox 2839 4009 2937 4050; x_wconf 91' lang='lat' dir='ltr'><strong>nos</strong></span> <span class='ocrx_word' id='word_1_627' title='bbox 2977 4004 3179 4057; x_wconf 89' lang='lat' dir='ltr'><strong>essent,</strong></span> <span class='ocrx_word' id='word_1_628' title='bbox 3209 3999 3359 4064; x_wconf 80' lang='lat' dir='ltr'><strong>justo</strong></span> 
     </span>
    </p>
   </div>
   <div class='ocr_carea' id='block_1_87' title="bbox 1830 4083 3358 4155">
    <p class='ocr_par' dir='ltr' id='par_1_87' title="bbox 1830 4083 3358 4155">
     <span class='ocr_line' id='line_1_87' title="bbox 1830 4083 3358 4155; baseline -0.001 -17"><span class='ocrx_word' id='word_1_629' title='bbox 1830 4100 1893 4140; x_wconf 91' lang='lat' dir='ltr'><strong>ac</strong></span> <span class='ocrx_word' id='word_1_630' title='bbox 1942 4083 2232 4138; x_wconf 87' lang='lat' dir='ltr'><strong>venerabili</strong></span> <span class='ocrx_word' id='word_1_631' title='bbox 2275 4083 2477 4137; x_wconf 85' lang='lat' dir='ltr'><strong>honore</strong></span> <span class='ocrx_word' id='word_1_632' title='bbox 2516 4092 2915 4153; x_wconf 87' lang='lat' dir='ltr'><strong>prosequentes.</strong></span> <span class='ocrx_word' id='word_1_633' title='bbox 2973 4084 3068 4140; x_wconf 85' lang='lat' dir='ltr'><strong>His</strong></span> <span class='ocrx_word' id='word_1_634' title='bbox 3113 4086 3275 4155; x_wconf 84' lang='lat' dir='ltr'><strong>igitur</strong></span> <span class='ocrx_word' id='word_1_635' title='bbox 3327 4098 3358 4138; x_wconf 87' lang='lat' dir='ltr'><strong>a</strong></span> 
     </span>
    </p>
   </div>
   <div class='ocr_carea' id='block_1_88' title="bbox 1830 4172 3359 4255">
    <p class='ocr_par' dir='ltr' id='par_1_88' title="bbox 1830 4172 3359 4255">
     <span class='ocr_line' id='line_1_88' title="bbox 1830 4172 3359 4255; baseline 0 -27"><span class='ocrx_word' id='word_1_636' title='bbox 1830 4173 1987 4228; x_wconf 88' lang='lat' dir='ltr'><strong>nobis</strong></span> <span class='ocrx_word' id='word_1_637' title='bbox 2036 4187 2143 4225; x_wconf 90' lang='lat' dir='ltr'><strong>non</strong></span> <span class='ocrx_word' id='word_1_638' title='bbox 2180 4172 2295 4226; x_wconf 87' lang='lat' dir='ltr'><strong>sine</strong></span> <span class='ocrx_word' id='word_1_639' title='bbox 2338 4172 2566 4226; x_wconf 81' lang='lat' dir='ltr'><strong>utilitate</strong></span> <span class='ocrx_word' id='word_1_640' title='bbox 2596 4175 2874 4255; x_wconf 71' lang='lat' dir='ltr'><strong>expositis,</strong></span> <span class='ocrx_word' id='word_1_641' title='bbox 2923 4174 2990 4227; x_wconf 89' lang='lat' dir='ltr'><strong>ad</strong></span> <span class='ocrx_word' id='word_1_642' title='bbox 3028 4176 3359 4243; x_wconf 88' lang='lat' dir='ltr'><strong>propositum</strong></span> 
     </span>
    </p>
   </div>
   <div class='ocr_carea' id='block_1_89' title="bbox 1830 4259 2326 4315">
    <p class='ocr_par' dir='ltr' id='par_1_89' title="bbox 1830 4259 2326 4315">
     <span class='ocr_line' id='line_1_89' title="bbox 1830 4259 2326 4315; baseline -0.01 -1"><span class='ocrx_word' id='word_1_643' title='bbox 1830 4259 2200 4315; x_wconf 80' lang='lat' dir='ltr'><strong>revertendum</strong></span> <span class='ocrx_word' id='word_1_644' title='bbox 2224 4266 2326 4312; x_wconf 91' lang='lat' dir='ltr'><strong>est.</strong></span> 
     </span>
    </p>
   </div>
   <div class='ocr_carea' id='block_1_90' title="bbox 210 4345 3366 4429">
    <p class='ocr_par' dir='ltr' id='par_1_90' title="bbox 210 4345 3366 4429">
     <span class='ocr_line' id='line_1_90' title="bbox 210 4345 3366 4429; baseline -0 -20"><span class='ocrx_word' id='word_1_645' title='bbox 210 4357 425 4426; x_wconf 73' lang='grc' dir='ltr'>βίϐλους</span> <span class='ocrx_word' id='word_1_646' title='bbox 467 4356 698 4410; x_wconf 82' lang='grc' dir='ltr'>Ἰουδαῖοι</span> <span class='ocrx_word' id='word_1_647' title='bbox 725 4359 914 4427; x_wconf 75' lang='grc' dir='ltr'>μᾶλλον</span> <span class='ocrx_word' id='word_1_648' title='bbox 938 4360 1003 4415; x_wconf 75' lang='grc' dir='ltr'>ἂν</span> <span class='ocrx_word' id='word_1_649' title='bbox 1026 4360 1176 4429; x_wconf 80' lang='grc' dir='ltr'>ἡμῶν</span> <span class='ocrx_word' id='word_1_650' title='bbox 1229 4355 1334 4412; x_wconf 76' lang='grc' dir='ltr'>εἶεν</span> <span class='ocrx_word' id='word_1_651' title='bbox 1390 4357 1802 4424; x_wconf 80' lang='grc' dir='ltr'>ἀξιοπιστότεροι</span> <span class='ocrx_word' id='word_1_652' title='bbox 1841 4349 1975 4420; x_wconf 78' lang='grc' dir='ltr'>μετὰ</span> <span class='ocrx_word' id='word_1_653' title='bbox 2015 4348 2190 4415; x_wconf 80' lang='grc' dir='ltr'>πάσης</span> <span class='ocrx_word' id='word_1_654' title='bbox 2247 4345 2534 4417; x_wconf 75' lang='grc' dir='ltr'>σεδασμεου</span> <span class='ocrx_word' id='word_1_655' title='bbox 2577 4350 2738 4418; x_wconf 77' lang='grc' dir='ltr'>τιμῆς</span> <span class='ocrx_word' id='word_1_656' title='bbox 2785 4348 3123 4420; x_wconf 51' lang='grc' dir='ltr'>περιέποντὰ</span> <span class='ocrx_word' id='word_1_657' title='bbox 3168 4367 3224 4401; x_wconf 88' lang='grc' dir='ltr'><strong>τε</strong></span> <span class='ocrx_word' id='word_1_658' title='bbox 3271 4350 3366 4409; x_wconf 66' lang='grc' dir='ltr'>καὶ</span> 
     </span>
    </p>
   </div>
   <div class='ocr_carea' id='block_1_91' title="bbox 210 4439 2608 4524">
    <p class='ocr_par' dir='ltr' id='par_1_91' title="bbox 210 4439 2608 4524">
     <span class='ocr_line' id='line_1_91' title="bbox 210 4439 2608 4524; baseline -0.005 -21"><span class='ocrx_word' id='word_1_659' title='bbox 210 4451 589 4524; x_wconf 78' lang='grc' dir='ltr'>προφέροντες.</span> <span class='ocrx_word' id='word_1_660' title='bbox 639 4450 846 4504; x_wconf 87' lang='grc' dir='ltr'>Τούτων</span> <span class='ocrx_word' id='word_1_661' title='bbox 872 4454 998 4523; x_wconf 77' lang='grc' dir='ltr'>ἡμῖν</span> <span class='ocrx_word' id='word_1_662' title='bbox 1025 4454 1299 4523; x_wconf 87' lang='grc' dir='ltr'>χρησίμως</span> <span class='ocrx_word' id='word_1_663' title='bbox 1325 4446 1829 4523; x_wconf 73' lang='grc' dir='ltr'>προδιαληφθέντων,</span> <span class='ocrx_word' id='word_1_664' title='bbox 1848 4444 1935 4495; x_wconf 77' lang='grc' dir='ltr'>ἐπὶ</span> <span class='ocrx_word' id='word_1_665' title='bbox 1958 4442 2055 4511; x_wconf 76' lang='grc' dir='ltr'>τὴν</span> <span class='ocrx_word' id='word_1_666' title='bbox 2083 4439 2330 4492; x_wconf 79' lang='grc' dir='ltr'>ὑπόθεσιν</span> <span class='ocrx_word' id='word_1_667' title='bbox 2353 4439 2608 4491; x_wconf 83' lang='grc' dir='ltr'>ὀδευτέον.</span> 
     </span>
    </p>
   </div>
   <div class='ocr_carea' id='block_1_92' title="bbox 727 4571 1219 4624">
    <p class='ocr_par' dir='ltr' id='par_1_92' title="bbox 727 4571 1219 4624">
     <span class='ocr_line' id='line_1_92' title="bbox 727 4571 1219 4624; baseline 0.002 -1"><span class='ocrx_word' id='word_1_668' title='bbox 727 4571 1108 4623; x_wconf 74' lang='grc' dir='ltr'><strong>ΚΕΦΔΛΑΙΟΝ</strong></span> <span class='ocrx_word' id='word_1_669' title='bbox 1144 4571 1219 4624; x_wconf 79' lang='lat' dir='ltr'><strong>A&#39;.</strong></span> 
     </span>
    </p>
   </div>
   <div class='ocr_carea' id='block_1_93' title="bbox 724 4656 1238 4714">
    <p class='ocr_par' dir='ltr' id='par_1_93' title="bbox 724 4656 1238 4714">
     <span class='ocr_line' id='line_1_93' title="bbox 724 4656 1238 4714; baseline 0.008 -4"><span class='ocrx_word' id='word_1_670' title='bbox 724 4656 814 4711; x_wconf 80' lang='grc' dir='ltr'>Ἐκ</span> <span class='ocrx_word' id='word_1_671' title='bbox 844 4659 947 4712; x_wconf 84' lang='grc' dir='ltr'><strong>τοῦ</strong></span> <span class='ocrx_word' id='word_1_672' title='bbox 984 4659 1238 4714; x_wconf 78' lang='grc' dir='ltr'>Ἡσαΐου.</span> 
     </span>
    </p>
   </div>
   <div class='ocr_carea' id='block_1_94' title="bbox 290 4738 1732 4818">
    <p class='ocr_par' dir='ltr' id='par_1_94' title="bbox 290 4738 1732 4818">
     <span class='ocr_line' id='line_1_94' title="bbox 290 4738 1732 4818; baseline -0.003 -14"><span class='ocrx_word' id='word_1_673' title='bbox 290 4768 313 4804; x_wconf 75' lang='grc' dir='ltr'><strong>ι</strong></span> <span class='ocrx_word' id='word_1_674' title='bbox 350 4751 410 4803; x_wconf 79' lang='grc' dir='ltr'>ὐ</span> <span class='ocrx_word' id='word_1_675' title='bbox 442 4749 597 4817; x_wconf 87' lang='grc' dir='ltr'>λόγος</span> <span class='ocrx_word' id='word_1_676' title='bbox 631 4749 660 4800; x_wconf 84' lang='grc' dir='ltr'><strong>ὁ</strong></span> <span class='ocrx_word' id='word_1_677' title='bbox 690 4749 970 4817; x_wconf 82' lang='grc' dir='ltr'>γενόμενος</span> <span class='ocrx_word' id='word_1_678' title='bbox 989 4749 1120 4818; x_wconf 73' lang='grc' dir='ltr'>πρὸς</span> <span class='ocrx_word' id='word_1_679' title='bbox 1156 4749 1373 4801; x_wconf 70' lang='grc' dir='ltr'>Ἡσαΐαν</span> <span class='ocrx_word' id='word_1_680' title='bbox 1413 4738 1523 4800; x_wconf 79' lang='grc' dir='ltr'>υῑδν</span> <span class='ocrx_word' id='word_1_681' title='bbox 1557 4743 1732 4817; x_wconf 82' lang='grc' dir='ltr'>Ἀμὼς</span> 
     </span>
    </p>
   </div>
   <div class='ocr_carea' id='block_1_95' title="bbox 215 4830 1731 4912">
    <p class='ocr_par' dir='ltr' id='par_1_95' title="bbox 215 4830 1731 4912">
     <span class='ocr_line' id='line_1_95' title="bbox 215 4830 1731 4912; baseline -0.004 -19"><span class='ocrx_word' id='word_1_682' title='bbox 215 4840 340 4912; x_wconf 71' lang='grc' dir='ltr'>περὶ</span> <span class='ocrx_word' id='word_1_683' title='bbox 370 4830 473 4910; x_wconf 72' lang='grc' dir='ltr'>τῆς</span> <span class='ocrx_word' id='word_1_684' title='bbox 512 4837 760 4901; x_wconf 82' lang='grc' dir='ltr'>Ἰουδαίας</span> <span class='ocrx_word' id='word_1_685' title='bbox 790 4839 879 4890; x_wconf 78' lang='grc' dir='ltr'>καὶ</span> <span class='ocrx_word' id='word_1_686' title='bbox 905 4838 1025 4908; x_wconf 79' lang='grc' dir='ltr'>περὶ</span> <span class='ocrx_word' id='word_1_687' title='bbox 1057 4838 1413 4908; x_wconf 67' lang='grc' dir='ltr'>Ἰερουσαλήμε</span> <span class='ocrx_word' id='word_1_688' title='bbox 1435 4839 1552 4890; x_wconf 87' lang='grc' dir='ltr'>’Ότι</span> <span class='ocrx_word' id='word_1_689' title='bbox 1582 4838 1731 4888; x_wconf 70' lang='grc' dir='ltr'>ἔσται</span> 
     </span>
    </p>
   </div>
   <div class='ocr_carea' id='block_1_96' title="bbox 216 4927 1728 4998">
    <p class='ocr_par' dir='ltr' id='par_1_96' title="bbox 216 4927 1728 4998">
     <span class='ocr_line' id='line_1_96' title="bbox 216 4927 1728 4998; baseline -0.001 -15"><span class='ocrx_word' id='word_1_690' title='bbox 216 4933 271 4985; x_wconf 81' lang='grc' dir='ltr'>ὲν</span> <span class='ocrx_word' id='word_1_691' title='bbox 292 4933 413 4993; x_wconf 82' lang='grc' dir='ltr'>ταῖς</span> <span class='ocrx_word' id='word_1_692' title='bbox 455 4928 704 4997; x_wconf 77' lang='grc' dir='ltr'>ἐσχάταις</span> <span class='ocrx_word' id='word_1_693' title='bbox 732 4929 957 4998; x_wconf 76' lang='grc' dir='ltr'>ἡμέραις</span> <span class='ocrx_word' id='word_1_694' title='bbox 985 4930 1215 4997; x_wconf 80' lang='grc' dir='ltr'>ἐμφανὲς</span> <span class='ocrx_word' id='word_1_695' title='bbox 1252 4927 1313 4981; x_wconf 77' lang='grc' dir='ltr'>τὸ</span> <span class='ocrx_word' id='word_1_696' title='bbox 1340 4927 1462 4997; x_wconf 66' lang='grc' dir='ltr'>ὅρος</span> <span class='ocrx_word' id='word_1_697' title='bbox 1496 4928 1695 4998; x_wconf 78' lang='grc' dir='ltr'>Κυρίου</span> <span class='ocrx_word' id='word_1_698' title='bbox 1714 4969 1728 4992; x_wconf 94' lang='grc'><strong>,</strong></span> 
     </span>
    </p>
   </div>
   <div class='ocr_carea' id='block_1_97' title="bbox 217 5013 1728 5087">
    <p class='ocr_par' dir='ltr' id='par_1_97' title="bbox 217 5013 1728 5087">
     <span class='ocr_line' id='line_1_97' title="bbox 217 5013 1728 5087; baseline -0.001 -16"><span class='ocrx_word' id='word_1_699' title='bbox 217 5019 307 5075; x_wconf 78' lang='grc' dir='ltr'>καὶ</span> <span class='ocrx_word' id='word_1_700' title='bbox 328 5021 358 5072; x_wconf 83' lang='grc' dir='ltr'><strong>ό</strong></span> <span class='ocrx_word' id='word_1_701' title='bbox 384 5013 532 5079; x_wconf 69' lang='grc' dir='ltr'>οἶκος</span> <span class='ocrx_word' id='word_1_702' title='bbox 550 5015 642 5068; x_wconf 81' lang='grc' dir='ltr'><strong>τοῦ</strong></span> <span class='ocrx_word' id='word_1_703' title='bbox 665 5015 795 5068; x_wconf 86' lang='grc' dir='ltr'>Θεοῦ</span> <span class='ocrx_word' id='word_1_704' title='bbox 824 5019 906 5069; x_wconf 78' lang='grc' dir='ltr'>ἐπ’</span> <span class='ocrx_word' id='word_1_705' title='bbox 936 5018 1114 5087; x_wconf 77' lang='grc' dir='ltr'>ἄκρων</span> <span class='ocrx_word' id='word_1_706' title='bbox 1143 5018 1247 5070; x_wconf 84' lang='grc' dir='ltr'><strong>τῶν</strong></span> <span class='ocrx_word' id='word_1_707' title='bbox 1271 5014 1457 5087; x_wconf 84' lang='grc' dir='ltr'>ὀρέων,</span> <span class='ocrx_word' id='word_1_708' title='bbox 1475 5019 1566 5069; x_wconf 76' lang='grc' dir='ltr'>καὶ</span> <span class='ocrx_word' id='word_1_709' title='bbox 1586 5018 1728 5084; x_wconf 76' lang='grc' dir='ltr'>ὑψω-</span> 
     </span>
    </p>
   </div>
   <div class='ocr_carea' id='block_1_98' title="bbox 218 5101 1733 5177">
    <p class='ocr_par' dir='ltr' id='par_1_98' title="bbox 218 5101 1733 5177">
     <span class='ocr_line' id='line_1_98' title="bbox 218 5101 1733 5177; baseline -0.004 -18"><span class='ocrx_word' id='word_1_710' title='bbox 218 5106 433 5177; x_wconf 85' lang='grc' dir='ltr'>θήσεται</span> <span class='ocrx_word' id='word_1_711' title='bbox 459 5105 707 5173; x_wconf 80' lang='grc' dir='ltr'>ὑπεράνω</span> <span class='ocrx_word' id='word_1_712' title='bbox 737 5101 841 5155; x_wconf 85' lang='grc' dir='ltr'><strong>τῶν</strong></span> <span class='ocrx_word' id='word_1_713' title='bbox 873 5103 1090 5173; x_wconf 86' lang='grc' dir='ltr'>βουνῶν,</span> <span class='ocrx_word' id='word_1_714' title='bbox 1114 5102 1204 5156; x_wconf 68' lang='grc' dir='ltr'><strong>καὶ</strong></span> <span class='ocrx_word' id='word_1_715' title='bbox 1229 5103 1441 5171; x_wconf 74' lang='grc' dir='ltr'>ἥξουσιν</span> <span class='ocrx_word' id='word_1_716' title='bbox 1475 5104 1559 5154; x_wconf 76' lang='grc' dir='ltr'>ἐπ’</span> <span class='ocrx_word' id='word_1_717' title='bbox 1590 5101 1733 5169; x_wconf 72' lang='grc' dir='ltr'>αὐτῷ</span> 
     </span>
    </p>
   </div>
   <div class='ocr_carea' id='block_1_99' title="bbox 221 5191 1734 5264">
    <p class='ocr_par' dir='ltr' id='par_1_99' title="bbox 221 5191 1734 5264">
     <span class='ocr_line' id='line_1_99' title="bbox 221 5191 1734 5264; baseline -0.005 -13"><span class='ocrx_word' id='word_1_718' title='bbox 221 5197 388 5250; x_wconf 83' lang='grc' dir='ltr'>πάντα</span> <span class='ocrx_word' id='word_1_719' title='bbox 418 5196 491 5249; x_wconf 81' lang='grc' dir='ltr'><strong>τὰ</strong></span> <span class='ocrx_word' id='word_1_720' title='bbox 516 5194 658 5264; x_wconf 70' lang='grc' dir='ltr'>ἔθνη.</span> <span class='ocrx_word' id='word_1_721' title='bbox 704 5195 810 5246; x_wconf 75' lang='grc' dir='ltr'>Καὶ</span> <span class='ocrx_word' id='word_1_722' title='bbox 852 5193 1192 5263; x_wconf 89' lang='grc' dir='ltr'>πορεύσονται</span> <span class='ocrx_word' id='word_1_723' title='bbox 1244 5192 1368 5260; x_wconf 77' lang='grc' dir='ltr'>ἔθνη</span> <span class='ocrx_word' id='word_1_724' title='bbox 1414 5191 1597 5253; x_wconf 87' lang='grc' dir='ltr'>πολλὰ,</span> <span class='ocrx_word' id='word_1_725' title='bbox 1645 5193 1734 5243; x_wconf 75' lang='grc' dir='ltr'>καὶ</span> 
     </span>
    </p>
   </div>
   <div class='ocr_carea' id='block_1_100' title="bbox 222 5281 1733 5357">
    <p class='ocr_par' dir='ltr' id='par_1_100' title="bbox 222 5281 1733 5357">
     <span class='ocr_line' id='line_1_100' title="bbox 222 5281 1733 5357; baseline -0.005 -18"><span class='ocrx_word' id='word_1_726' title='bbox 222 5287 418 5357; x_wconf 69' lang='grc' dir='ltr'>ἐροῦσι·</span> <span class='ocrx_word' id='word_1_727' title='bbox 450 5283 632 5346; x_wconf 87' lang='grc' dir='ltr'>Δεῦτε,</span> <span class='ocrx_word' id='word_1_728' title='bbox 651 5284 742 5336; x_wconf 77' lang='grc' dir='ltr'>καὶ</span> <span class='ocrx_word' id='word_1_729' title='bbox 764 5283 1041 5353; x_wconf 77' lang='grc' dir='ltr'>ἀναδῶμεν</span> <span class='ocrx_word' id='word_1_730' title='bbox 1072 5285 1148 5346; x_wconf 89' lang='grc' dir='ltr'><strong>εἰς</strong></span> <span class='ocrx_word' id='word_1_731' title='bbox 1167 5283 1226 5334; x_wconf 81' lang='grc' dir='ltr'>τὸ</span> <span class='ocrx_word' id='word_1_732' title='bbox 1251 5282 1371 5352; x_wconf 76' lang='grc' dir='ltr'>ὅρος</span> <span class='ocrx_word' id='word_1_733' title='bbox 1394 5282 1613 5349; x_wconf 84' lang='grc' dir='ltr'>Κυρίου,</span> <span class='ocrx_word' id='word_1_734' title='bbox 1641 5281 1733 5333; x_wconf 74' lang='grc' dir='ltr'>καὶ</span> 
     </span>
    </p>
   </div>
   <div class='ocr_carea' id='block_1_101' title="bbox 223 5368 1733 5438">
    <p class='ocr_par' dir='ltr' id='par_1_101' title="bbox 223 5368 1733 5438">
     <span class='ocr_line' id='line_1_101' title="bbox 223 5368 1733 5438; baseline -0.005 -11"><span class='ocrx_word' id='word_1_735' title='bbox 223 5377 292 5438; x_wconf 75' lang='grc' dir='ltr'><strong>είς</strong></span> <span class='ocrx_word' id='word_1_736' title='bbox 315 5375 407 5428; x_wconf 79' lang='grc' dir='ltr'>τὸν</span> <span class='ocrx_word' id='word_1_737' title='bbox 447 5368 592 5426; x_wconf 79' lang='grc' dir='ltr'>οἷκον</span> <span class='ocrx_word' id='word_1_738' title='bbox 615 5371 706 5424; x_wconf 80' lang='grc' dir='ltr'><strong>τοῦ</strong></span> <span class='ocrx_word' id='word_1_739' title='bbox 752 5370 881 5424; x_wconf 87' lang='grc' dir='ltr'>Θεοῦ</span> <span class='ocrx_word' id='word_1_740' title='bbox 918 5371 1122 5434; x_wconf 72' lang='grc' dir='ltr'>Ἰακὼϐ,</span> <span class='ocrx_word' id='word_1_741' title='bbox 1166 5371 1256 5423; x_wconf 76' lang='grc' dir='ltr'>καὶ</span> <span class='ocrx_word' id='word_1_742' title='bbox 1286 5368 1560 5437; x_wconf 80' lang='grc' dir='ltr'>ἀναγγελεῖ</span> <span class='ocrx_word' id='word_1_743' title='bbox 1606 5369 1733 5437; x_wconf 85' lang='grc' dir='ltr'>ήμῖν</span> 
     </span>
    </p>
   </div>
   <div class='ocr_carea' id='block_1_102' title="bbox 224 5459 1730 5534">
    <p class='ocr_par' dir='ltr' id='par_1_102' title="bbox 224 5459 1730 5534">
     <span class='ocr_line' id='line_1_102' title="bbox 224 5459 1730 5534; baseline -0.003 -19"><span class='ocrx_word' id='word_1_744' title='bbox 224 5465 311 5534; x_wconf 74' lang='grc' dir='ltr'>τὴν</span> <span class='ocrx_word' id='word_1_745' title='bbox 341 5463 456 5517; x_wconf 79' lang='grc' dir='ltr'>ὁδὸν</span> <span class='ocrx_word' id='word_1_746' title='bbox 482 5460 660 5525; x_wconf 83' lang='grc' dir='ltr'>αὐτοῦ,</span> <span class='ocrx_word' id='word_1_747' title='bbox 701 5463 792 5514; x_wconf 67' lang='grc' dir='ltr'>καὶ</span> <span class='ocrx_word' id='word_1_748' title='bbox 831 5460 1191 5530; x_wconf 76' lang='grc' dir='ltr'>πορευσόμεθα</span> <span class='ocrx_word' id='word_1_749' title='bbox 1235 5461 1292 5511; x_wconf 87' lang='grc' dir='ltr'><strong>ἐν</strong></span> <span class='ocrx_word' id='word_1_750' title='bbox 1331 5461 1461 5528; x_wconf 77' lang='grc' dir='ltr'>αὐτῇ</span> <span class='ocrx_word' id='word_1_751' title='bbox 1485 5476 1499 5490; x_wconf 78' lang='grc'><em>’</em></span> <span class='ocrx_word' id='word_1_752' title='bbox 1534 5460 1595 5510; x_wconf 86' lang='grc' dir='ltr'><strong>ἐκ</strong></span> <span class='ocrx_word' id='word_1_753' title='bbox 1625 5459 1730 5529; x_wconf 86' lang='grc' dir='ltr'><strong>γάρ</strong></span> 
     </span>
    </p>
   </div>
   <div class='ocr_carea' id='block_1_103' title="bbox 226 5545 1730 5618">
    <p class='ocr_par' dir='ltr' id='par_1_103' title="bbox 226 5545 1730 5618">
     <span class='ocr_line' id='line_1_103' title="bbox 226 5545 1730 5618; baseline -0.005 -14"><span class='ocrx_word' id='word_1_754' title='bbox 226 5551 350 5604; x_wconf 78' lang='grc' dir='ltr'>Σιὼν</span> <span class='ocrx_word' id='word_1_755' title='bbox 377 5549 707 5617; x_wconf 76' lang='grc' dir='ltr'>ἐξελεύσεται</span> <span class='ocrx_word' id='word_1_756' title='bbox 738 5551 913 5618; x_wconf 89' lang='grc' dir='ltr'>νόμος,</span> <span class='ocrx_word' id='word_1_757' title='bbox 944 5551 1034 5601; x_wconf 77' lang='grc' dir='ltr'>καὶ</span> <span class='ocrx_word' id='word_1_758' title='bbox 1053 5550 1203 5616; x_wconf 85' lang='grc' dir='ltr'>λόγος</span> <span class='ocrx_word' id='word_1_759' title='bbox 1231 5546 1429 5616; x_wconf 83' lang='grc' dir='ltr'>Κυρίου</span> <span class='ocrx_word' id='word_1_760' title='bbox 1456 5545 1515 5608; x_wconf 81' lang='grc' dir='ltr'>ἐξ</span> <span class='ocrx_word' id='word_1_761' title='bbox 1535 5545 1730 5614; x_wconf 86' lang='grc' dir='ltr'>Ἰερου-</span> 
     </span>
    </p>
   </div>
   <div class='ocr_carea' id='block_1_104' title="bbox 229 5635 1725 5712">
    <p class='ocr_par' dir='ltr' id='par_1_104' title="bbox 229 5635 1725 5712">
     <span class='ocr_line' id='line_1_104' title="bbox 229 5635 1725 5712; baseline -0.005 -18"><span class='ocrx_word' id='word_1_762' title='bbox 229 5642 396 5712; x_wconf 65' lang='grc' dir='ltr'>σαλήμ</span> <span class='ocrx_word' id='word_1_763' title='bbox 413 5658 427 5671; x_wconf 76' lang='grc'><em>’</em></span> <span class='ocrx_word' id='word_1_764' title='bbox 459 5640 551 5692; x_wconf 75' lang='grc' dir='ltr'>καὶ</span> <span class='ocrx_word' id='word_1_765' title='bbox 579 5641 748 5707; x_wconf 85' lang='grc' dir='ltr'>κρινεί</span> <span class='ocrx_word' id='word_1_766' title='bbox 773 5637 875 5690; x_wconf 88' lang='grc' dir='ltr'><strong>ἀνά</strong></span> <span class='ocrx_word' id='word_1_767' title='bbox 906 5638 1062 5706; x_wconf 88' lang='grc' dir='ltr'>μέσον</span> <span class='ocrx_word' id='word_1_768' title='bbox 1079 5638 1182 5689; x_wconf 89' lang='grc' dir='ltr'><strong>τῶν</strong></span> <span class='ocrx_word' id='word_1_769' title='bbox 1208 5636 1392 5698; x_wconf 90' lang='grc' dir='ltr'>ἐθνῶν,</span> <span class='ocrx_word' id='word_1_770' title='bbox 1414 5637 1505 5688; x_wconf 76' lang='grc' dir='ltr'><strong>καὶ</strong></span> <span class='ocrx_word' id='word_1_771' title='bbox 1527 5635 1725 5702; x_wconf 77' lang='grc' dir='ltr'>ἐλέγξει</span> 
     </span>
    </p>
   </div>
   <div class='ocr_carea' id='block_1_105' title="bbox 229 5725 1725 5795">
    <p class='ocr_par' dir='ltr' id='par_1_105' title="bbox 229 5725 1725 5795">
     <span class='ocr_line' id='line_1_105' title="bbox 229 5725 1725 5795; baseline -0.004 -11"><span class='ocrx_word' id='word_1_772' title='bbox 229 5731 340 5784; x_wconf 63' lang='lat' dir='ltr'><strong>ubi:</strong></span> <span class='ocrx_word' id='word_1_773' title='bbox 377 5729 571 5783; x_wconf 69' lang='grc' dir='ltr'>πολύν·</span> <span class='ocrx_word' id='word_1_774' title='bbox 619 5728 712 5779; x_wconf 76' lang='grc' dir='ltr'>καὶ</span> <span class='ocrx_word' id='word_1_775' title='bbox 757 5727 1073 5794; x_wconf 77' lang='grc' dir='ltr'>συγκόψουσι</span> <span class='ocrx_word' id='word_1_776' title='bbox 1116 5727 1212 5788; x_wconf 83' lang='grc' dir='ltr'>τὰς</span> <span class='ocrx_word' id='word_1_777' title='bbox 1252 5726 1515 5795; x_wconf 79' lang='grc' dir='ltr'>μαχαίρας</span> <span class='ocrx_word' id='word_1_778' title='bbox 1554 5725 1725 5779; x_wconf 79' lang='grc' dir='ltr'>αὐτῶν</span> 
     </span>
    </p>
   </div>
   <div class='ocr_carea' id='block_1_106' title="bbox 514 5813 1079 5875">
    <p class='ocr_par' dir='ltr' id='par_1_106' title="bbox 514 5813 1079 5875">
     <span class='ocr_line' id='line_1_106' title="bbox 514 5813 1079 5875; baseline -0.004 0"><span class='ocrx_word' id='word_1_779' title='bbox 514 5818 699 5875; x_wconf 70' lang='grc' dir='ltr'>ΡΑΤιι,</span> <span class='ocrx_word' id='word_1_780' title='bbox 730 5814 843 5871; x_wconf 80' lang='lat' dir='ltr'><strong>Gn.</strong></span> <span class='ocrx_word' id='word_1_781' title='bbox 884 5813 1079 5873; x_wconf 72' lang='lat' dir='ltr'><strong>XXII.</strong></span> 
     </span>
    </p>
   </div>
   <div class='ocr_carea' id='block_1_107' title="bbox 2442 4555 2742 4612">
    <p class='ocr_par' dir='ltr' id='par_1_107' title="bbox 2442 4555 2742 4612">
     <span class='ocr_line' id='line_1_107' title="bbox 2442 4555 2742 4612; baseline 0.013 -4"><span class='ocrx_word' id='word_1_782' title='bbox 2442 4555 2665 4610; x_wconf 78' lang='lat' dir='ltr'><strong>CAPUT</strong></span> <span class='ocrx_word' id='word_1_783' title='bbox 2702 4558 2742 4612; x_wconf 87' lang='lat' dir='ltr'><strong>I.</strong></span> 
     </span>
    </p>
   </div>
   <div class='ocr_carea' id='block_1_108' title="bbox 2455 4646 2732 4701">
    <p class='ocr_par' dir='ltr' id='par_1_108' title="bbox 2455 4646 2732 4701">
     <span class='ocr_line' id='line_1_108' title="bbox 2455 4646 2732 4701; baseline 0.007 -2"><span class='ocrx_word' id='word_1_784' title='bbox 2455 4646 2539 4699; x_wconf 69' lang='lat' dir='ltr'><strong>Ex</strong></span> <span class='ocrx_word' id='word_1_785' title='bbox 2566 4646 2732 4701; x_wconf 67' lang='lat' dir='ltr'><strong>Isaia.~</strong></span> 
     </span>
    </p>
   </div>
   <div class='ocr_carea' id='block_1_109' title="bbox 1905 4730 3358 4807">
    <p class='ocr_par' dir='ltr' id='par_1_109' title="bbox 1905 4730 3358 4807">
     <span class='ocr_line' id='line_1_109' title="bbox 1905 4730 3358 4807; baseline 0.001 -17"><span class='ocrx_word' id='word_1_786' title='bbox 1905 4758 1924 4790; x_wconf 75' lang='grc' dir='ltr'><strong>ι</strong></span> <span class='ocrx_word' id='word_1_787' title='bbox 1960 4738 2193 4794; x_wconf 71' lang='lat' dir='ltr'><strong>Verbum</strong></span> <span class='ocrx_word' id='word_1_788' title='bbox 2223 4739 2364 4807; x_wconf 89' lang='lat' dir='ltr'><strong>quod</strong></span> <span class='ocrx_word' id='word_1_789' title='bbox 2407 4738 2540 4790; x_wconf 87' lang='lat' dir='ltr'><strong>vidit</strong></span> <span class='ocrx_word' id='word_1_790' title='bbox 2588 4738 2778 4803; x_wconf 84' lang='lat' dir='ltr'><strong>Isaias,</strong></span> <span class='ocrx_word' id='word_1_791' title='bbox 2813 4737 2953 4791; x_wconf 86' lang='lat' dir='ltr'><strong>filius</strong></span> <span class='ocrx_word' id='word_1_792' title='bbox 2983 4730 3167 4801; x_wconf 79' lang='lat' dir='ltr'><strong>Amos,</strong></span> <span class='ocrx_word' id='word_1_793' title='bbox 3198 4743 3358 4807; x_wconf 77' lang='lat' dir='ltr'><strong>super</strong></span> 
     </span>
    </p>
   </div>
   <div class='ocr_carea' id='block_1_110' title="bbox 1832 4826 3356 4885">
    <p class='ocr_par' dir='ltr' id='par_1_110' title="bbox 1832 4826 3356 4885">
     <span class='ocr_line' id='line_1_110' title="bbox 1832 4826 3356 4885; baseline -0.002 0"><span class='ocrx_word' id='word_1_794' title='bbox 1832 4830 1965 4885; x_wconf 74' lang='lat' dir='ltr'><strong>Iuda</strong></span> <span class='ocrx_word' id='word_1_795' title='bbox 2007 4835 2061 4882; x_wconf 87' lang='lat' dir='ltr'><strong>et</strong></span> <span class='ocrx_word' id='word_1_796' title='bbox 2098 4828 2414 4882; x_wconf 84' lang='lat' dir='ltr'><strong>Jerusalem.</strong></span> <span class='ocrx_word' id='word_1_797' title='bbox 2447 4827 2511 4879; x_wconf 83' lang='lat' dir='ltr'><strong>Et</strong></span> <span class='ocrx_word' id='word_1_798' title='bbox 2551 4826 2654 4879; x_wconf 89' lang='lat' dir='ltr'><strong>erit</strong></span> <span class='ocrx_word' id='word_1_799' title='bbox 2708 4828 2763 4879; x_wconf 92' lang='lat' dir='ltr'><strong>in</strong></span> <span class='ocrx_word' id='word_1_800' title='bbox 2811 4826 3122 4880; x_wconf 88' lang='lat' dir='ltr'><strong>novissimis</strong></span> <span class='ocrx_word' id='word_1_801' title='bbox 3169 4827 3356 4882; x_wconf 81' lang='lat' dir='ltr'><strong>diebus</strong></span> 
     </span>
    </p>
   </div>
   <div class='ocr_carea' id='block_1_111' title="bbox 1835 4916 3352 4993">
    <p class='ocr_par' dir='ltr' id='par_1_111' title="bbox 1835 4916 3352 4993">
     <span class='ocr_line' id='line_1_111' title="bbox 1835 4916 3352 4993; baseline -0.003 -17"><span class='ocrx_word' id='word_1_802' title='bbox 1835 4929 2165 4993; x_wconf 70' lang='lat' dir='ltr'><strong>praeparatus</strong></span> <span class='ocrx_word' id='word_1_803' title='bbox 2182 4934 2334 4972; x_wconf 92' lang='lat' dir='ltr'><strong>mons</strong></span> <span class='ocrx_word' id='word_1_804' title='bbox 2345 4918 2534 4972; x_wconf 85' lang='lat' dir='ltr'><strong>domus</strong></span> <span class='ocrx_word' id='word_1_805' title='bbox 2548 4916 2758 4971; x_wconf 86' lang='lat' dir='ltr'><strong>Domini</strong></span> <span class='ocrx_word' id='word_1_806' title='bbox 2782 4917 2835 4970; x_wconf 94' lang='lat' dir='ltr'><strong>in</strong></span> <span class='ocrx_word' id='word_1_807' title='bbox 2846 4917 3044 4972; x_wconf 81' lang='lat' dir='ltr'><strong>vertice</strong></span> <span class='ocrx_word' id='word_1_808' title='bbox 3069 4919 3352 4979; x_wconf 84' lang='lat' dir='ltr'><strong>montium,</strong></span> 
     </span>
    </p>
   </div>
   <div class='ocr_carea' id='block_1_112' title="bbox 1833 5006 3353 5078">
    <p class='ocr_par' dir='ltr' id='par_1_112' title="bbox 1833 5006 3353 5078">
     <span class='ocr_line' id='line_1_112' title="bbox 1833 5006 3353 5078; baseline -0.003 -11"><span class='ocrx_word' id='word_1_809' title='bbox 1833 5022 1887 5067; x_wconf 83' lang='lat' dir='ltr'><strong>et</strong></span> <span class='ocrx_word' id='word_1_810' title='bbox 1911 5010 2210 5066; x_wconf 88' lang='lat' dir='ltr'><strong>elevabitur</strong></span> <span class='ocrx_word' id='word_1_811' title='bbox 2237 5024 2399 5078; x_wconf 88' lang='lat' dir='ltr'><strong>super</strong></span> <span class='ocrx_word' id='word_1_812' title='bbox 2422 5008 2609 5069; x_wconf 85' lang='lat' dir='ltr'><strong>colles,</strong></span> <span class='ocrx_word' id='word_1_813' title='bbox 2643 5015 2696 5062; x_wconf 90' lang='lat' dir='ltr'><strong>et</strong></span> <span class='ocrx_word' id='word_1_814' title='bbox 2734 5006 2899 5060; x_wconf 82' lang='lat' dir='ltr'><strong>fluent</strong></span> <span class='ocrx_word' id='word_1_815' title='bbox 2923 5007 2988 5059; x_wconf 89' lang='lat' dir='ltr'><strong>ad</strong></span> <span class='ocrx_word' id='word_1_816' title='bbox 3019 5022 3141 5061; x_wconf 92' lang='lat' dir='ltr'><strong>eum</strong></span> <span class='ocrx_word' id='word_1_817' title='bbox 3167 5022 3353 5063; x_wconf 74' lang='lat' dir='ltr'><strong>omnes</strong></span> 
     </span>
    </p>
   </div>
   <div class='ocr_carea' id='block_1_113' title="bbox 1834 5080 3352 5173">
    <p class='ocr_par' dir='ltr' id='par_1_113' title="bbox 1834 5080 3352 5173">
     <span class='ocr_line' id='line_1_113' title="bbox 1834 5080 3352 5173; baseline -0.005 -16"><span class='ocrx_word' id='word_1_818' title='bbox 1834 5109 2036 5173; x_wconf 89' lang='lat' dir='ltr'><strong>gentes.</strong></span> <span class='ocrx_word' id='word_1_819' title='bbox 2070 5099 2135 5152; x_wconf 87' lang='lat' dir='ltr'><strong>Et</strong></span> <span class='ocrx_word' id='word_1_820' title='bbox 2164 5080 2319 5154; x_wconf 87' lang='lat' dir='ltr'><strong>ibunt</strong></span> <span class='ocrx_word' id='word_1_821' title='bbox 2343 5097 2524 5168; x_wconf 85' lang='lat' dir='ltr'><strong>populi</strong></span> <span class='ocrx_word' id='word_1_822' title='bbox 2547 5098 2722 5158; x_wconf 90' lang='lat' dir='ltr'><strong>multi,</strong></span> <span class='ocrx_word' id='word_1_823' title='bbox 2748 5104 2802 5150; x_wconf 90' lang='lat' dir='ltr'><strong>et</strong></span> <span class='ocrx_word' id='word_1_824' title='bbox 2820 5097 3033 5151; x_wconf 88' lang='lat' dir='ltr'><strong>dicent:</strong></span> <span class='ocrx_word' id='word_1_825' title='bbox 3069 5095 3276 5156; x_wconf 80' lang='lat' dir='ltr'><strong>Venite.</strong></span> <span class='ocrx_word' id='word_1_826' title='bbox 3303 5106 3352 5150; x_wconf 87' lang='lat' dir='ltr'><strong>et</strong></span> 
     </span>
    </p>
   </div>
   <div class='ocr_carea' id='block_1_114' title="bbox 1834 5182 3352 5251">
    <p class='ocr_par' dir='ltr' id='par_1_114' title="bbox 1834 5182 3352 5251">
     <span class='ocr_line' id='line_1_114' title="bbox 1834 5182 3352 5251; baseline -0.005 -5"><span class='ocrx_word' id='word_1_827' title='bbox 1834 5190 2187 5246; x_wconf 89' lang='lat' dir='ltr'><strong>ascendamus</strong></span> <span class='ocrx_word' id='word_1_828' title='bbox 2209 5191 2274 5244; x_wconf 88' lang='lat' dir='ltr'><strong>ad</strong></span> <span class='ocrx_word' id='word_1_829' title='bbox 2316 5195 2548 5242; x_wconf 91' lang='lat' dir='ltr'><strong>montem</strong></span> <span class='ocrx_word' id='word_1_830' title='bbox 2577 5182 2806 5251; x_wconf 88' lang='lat' dir='ltr'><strong>Domini,</strong></span> <span class='ocrx_word' id='word_1_831' title='bbox 2837 5196 2890 5241; x_wconf 88' lang='lat' dir='ltr'><strong>et</strong></span> <span class='ocrx_word' id='word_1_832' title='bbox 2918 5187 2983 5240; x_wconf 90' lang='lat' dir='ltr'><strong>ad</strong></span> <span class='ocrx_word' id='word_1_833' title='bbox 3017 5192 3237 5242; x_wconf 88' lang='lat' dir='ltr'><strong>domum</strong></span> <span class='ocrx_word' id='word_1_834' title='bbox 3265 5189 3352 5240; x_wconf 86' lang='lat' dir='ltr'><strong>Dei</strong></span> 
     </span>
    </p>
   </div>
   <div class='ocr_carea' id='block_1_115' title="bbox 1830 5278 3353 5342">
    <p class='ocr_par' dir='ltr' id='par_1_115' title="bbox 1830 5278 3353 5342">
     <span class='ocr_line' id='line_1_115' title="bbox 1830 5278 3353 5342; baseline -0.001 -8"><span class='ocrx_word' id='word_1_835' title='bbox 1830 5280 2014 5342; x_wconf 82' lang='lat' dir='ltr'><strong>Jacob,</strong></span> <span class='ocrx_word' id='word_1_836' title='bbox 2036 5287 2089 5334; x_wconf 89' lang='lat' dir='ltr'><strong>et</strong></span> <span class='ocrx_word' id='word_1_837' title='bbox 2117 5280 2332 5334; x_wconf 88' lang='lat' dir='ltr'><strong>docebit</strong></span> <span class='ocrx_word' id='word_1_838' title='bbox 2356 5293 2455 5333; x_wconf 90' lang='lat' dir='ltr'><strong>nos</strong></span> <span class='ocrx_word' id='word_1_839' title='bbox 2477 5278 2593 5332; x_wconf 84' lang='lat' dir='ltr'><strong>vias</strong></span> <span class='ocrx_word' id='word_1_840' title='bbox 2621 5294 2769 5339; x_wconf 86' lang='lat' dir='ltr'><strong>suas,</strong></span> <span class='ocrx_word' id='word_1_841' title='bbox 2798 5283 2851 5332; x_wconf 92' lang='lat' dir='ltr'><strong>et</strong></span> <span class='ocrx_word' id='word_1_842' title='bbox 2882 5278 3275 5333; x_wconf 89' lang='lat' dir='ltr'><strong>ambulabimus</strong></span> <span class='ocrx_word' id='word_1_843' title='bbox 3299 5279 3353 5332; x_wconf 90' lang='lat' dir='ltr'><strong>in</strong></span> 
     </span>
    </p>
   </div>
   <div class='ocr_carea' id='block_1_116' title="bbox 1830 5367 3353 5437">
    <p class='ocr_par' dir='ltr' id='par_1_116' title="bbox 1830 5367 3353 5437">
     <span class='ocr_line' id='line_1_116' title="bbox 1830 5367 3353 5437; baseline -0.003 -11"><span class='ocrx_word' id='word_1_844' title='bbox 1830 5369 2036 5426; x_wconf 87' lang='lat' dir='ltr'><strong>semitis</strong></span> <span class='ocrx_word' id='word_1_845' title='bbox 2085 5368 2222 5437; x_wconf 89' lang='lat' dir='ltr'><strong>ejus.</strong></span> <span class='ocrx_word' id='word_1_846' title='bbox 2265 5370 2401 5434; x_wconf 84' lang='lat' dir='ltr'><strong>Quia</strong></span> <span class='ocrx_word' id='word_1_847' title='bbox 2424 5368 2490 5422; x_wconf 87' lang='lat' dir='ltr'><strong>de</strong></span> <span class='ocrx_word' id='word_1_848' title='bbox 2516 5367 2645 5422; x_wconf 90' lang='lat' dir='ltr'><strong>Sion</strong></span> <span class='ocrx_word' id='word_1_849' title='bbox 2683 5369 2846 5423; x_wconf 85' lang='lat' dir='ltr'><strong>exibit</strong></span> <span class='ocrx_word' id='word_1_850' title='bbox 2879 5369 2983 5430; x_wconf 81' lang='lat' dir='ltr'><strong>lex,</strong></span> <span class='ocrx_word' id='word_1_851' title='bbox 3030 5378 3085 5424; x_wconf 89' lang='lat' dir='ltr'><strong>et</strong></span> <span class='ocrx_word' id='word_1_852' title='bbox 3131 5371 3353 5424; x_wconf 88' lang='lat' dir='ltr'><strong>verbum</strong></span> 
     </span>
    </p>
   </div>
   <div class='ocr_carea' id='block_1_117' title="bbox 1832 5457 3348 5528">
    <p class='ocr_par' dir='ltr' id='par_1_117' title="bbox 1832 5457 3348 5528">
     <span class='ocr_line' id='line_1_117' title="bbox 1832 5457 3348 5528; baseline 0 -15"><span class='ocrx_word' id='word_1_853' title='bbox 1832 5458 2040 5513; x_wconf 92' lang='lat' dir='ltr'><strong>Domini</strong></span> <span class='ocrx_word' id='word_1_854' title='bbox 2079 5458 2145 5513; x_wconf 90' lang='lat' dir='ltr'><strong>de</strong></span> <span class='ocrx_word' id='word_1_855' title='bbox 2181 5458 2496 5514; x_wconf 79' lang='lat' dir='ltr'><strong>Jerusalem.</strong></span> <span class='ocrx_word' id='word_1_856' title='bbox 2529 5457 2594 5510; x_wconf 86' lang='lat' dir='ltr'><strong>Et</strong></span> <span class='ocrx_word' id='word_1_857' title='bbox 2647 5459 2910 5527; x_wconf 87' lang='lat' dir='ltr'><strong>judicabit</strong></span> <span class='ocrx_word' id='word_1_858' title='bbox 2939 5464 3147 5528; x_wconf 87' lang='lat' dir='ltr'><strong>gentes,</strong></span> <span class='ocrx_word' id='word_1_859' title='bbox 3171 5470 3225 5514; x_wconf 85' lang='lat' dir='ltr'><strong>et</strong></span> <span class='ocrx_word' id='word_1_860' title='bbox 3253 5474 3348 5514; x_wconf 87' lang='lat' dir='ltr'><strong>ar-</strong></span> 
     </span>
    </p>
   </div>
   <div class='ocr_carea' id='block_1_118' title="bbox 1827 5550 3349 5622">
    <p class='ocr_par' dir='ltr' id='par_1_118' title="bbox 1827 5550 3349 5622">
     <span class='ocr_line' id='line_1_118' title="bbox 1827 5550 3349 5622; baseline -0.004 -16"><span class='ocrx_word' id='word_1_861' title='bbox 1827 5561 1949 5622; x_wconf 87' lang='lat' dir='ltr'><strong>guet</strong></span> <span class='ocrx_word' id='word_1_862' title='bbox 1978 5551 2202 5620; x_wconf 85' lang='lat' dir='ltr'><strong>populos</strong></span> <span class='ocrx_word' id='word_1_863' title='bbox 2234 5553 2430 5605; x_wconf 86' lang='lat' dir='ltr'><strong>multos</strong></span> <span class='ocrx_word' id='word_1_864' title='bbox 2474 5569 2488 5604; x_wconf 91' lang='lat'><strong>:</strong></span> <span class='ocrx_word' id='word_1_865' title='bbox 2535 5561 2586 5604; x_wconf 89' lang='lat' dir='ltr'><strong>et</strong></span> <span class='ocrx_word' id='word_1_866' title='bbox 2633 5550 2941 5603; x_wconf 87' lang='lat' dir='ltr'><strong>eonllahunt</strong></span> <span class='ocrx_word' id='word_1_867' title='bbox 2973 5551 3183 5619; x_wconf 88' lang='lat' dir='ltr'><strong>gladios</strong></span> <span class='ocrx_word' id='word_1_868' title='bbox 3224 5561 3349 5604; x_wconf 80' lang='lat' dir='ltr'><strong>suos</strong></span> 
     </span>
    </p>
   </div>
   <div class='ocr_carea' id='block_1_119' title="bbox 1828 5635 3346 5702">
    <p class='ocr_par' dir='ltr' id='par_1_119' title="bbox 1828 5635 3346 5702">
     <span class='ocr_line' id='line_1_119' title="bbox 1828 5635 3346 5702; baseline -0.005 -10"><span class='ocrx_word' id='word_1_869' title='bbox 1828 5642 1881 5692; x_wconf 87' lang='lat' dir='ltr'><strong>in</strong></span> <span class='ocrx_word' id='word_1_870' title='bbox 1909 5653 2170 5702; x_wconf 86' lang='lat' dir='ltr'><strong>vomeres,</strong></span> <span class='ocrx_word' id='word_1_871' title='bbox 2200 5648 2254 5693; x_wconf 87' lang='lat' dir='ltr'><strong>et</strong></span> <span class='ocrx_word' id='word_1_872' title='bbox 2285 5640 2501 5692; x_wconf 88' lang='lat' dir='ltr'><strong>lanceas</strong></span> <span class='ocrx_word' id='word_1_873' title='bbox 2523 5652 2649 5691; x_wconf 91' lang='lat' dir='ltr'><strong>suas</strong></span> <span class='ocrx_word' id='word_1_874' title='bbox 2682 5639 2734 5690; x_wconf 93' lang='lat' dir='ltr'><strong>in</strong></span> <span class='ocrx_word' id='word_1_875' title='bbox 2764 5638 2925 5692; x_wconf 81' lang='lat' dir='ltr'><strong>falces</strong></span> <span class='ocrx_word' id='word_1_876' title='bbox 2954 5657 2967 5691; x_wconf 91' lang='lat'><strong>:</strong></span> <span class='ocrx_word' id='word_1_877' title='bbox 3006 5653 3117 5691; x_wconf 91' lang='lat' dir='ltr'><strong>non</strong></span> <span class='ocrx_word' id='word_1_878' title='bbox 3159 5635 3346 5691; x_wconf 81' lang='lat' dir='ltr'><strong>levabit</strong></span> 
     </span>
    </p>
   </div>
   <div class='ocr_carea' id='block_1_120' title="bbox 1827 5727 3341 5800">
    <p class='ocr_par' dir='ltr' id='par_1_120' title="bbox 1827 5727 3341 5800">
     <span class='ocr_line' id='line_1_120' title="bbox 1827 5727 3341 5800; baseline -0.009 -16"><span class='ocrx_word' id='word_1_879' title='bbox 1827 5744 1955 5799; x_wconf 87' lang='lat' dir='ltr'><strong>gens</strong></span> <span class='ocrx_word' id='word_1_880' title='bbox 1996 5737 2185 5783; x_wconf 86' lang='lat' dir='ltr'><strong>contra</strong></span> <span class='ocrx_word' id='word_1_881' title='bbox 2228 5736 2436 5800; x_wconf 81' lang='lat' dir='ltr'><strong>gentem</strong></span> <span class='ocrx_word' id='word_1_882' title='bbox 2488 5727 2746 5796; x_wconf 88' lang='lat' dir='ltr'><strong>gladium,</strong></span> <span class='ocrx_word' id='word_1_883' title='bbox 2793 5742 2891 5781; x_wconf 87' lang='lat' dir='ltr'><strong>nec</strong></span> <span class='ocrx_word' id='word_1_884' title='bbox 2955 5728 3341 5781; x_wconf 79' lang='lat' dir='ltr'><strong>exercebuntm</strong></span> 
     </span>
    </p>
   </div>
   <div class='ocr_carea' id='block_1_121' title="bbox 2984 5814 3070 5871">
    <p class='ocr_par' dir='ltr' id='par_1_121' title="bbox 2984 5814 3070 5871">
     <span class='ocr_line' id='line_1_121' title="bbox 2984 5814 3070 5871; baseline 0.023 -2"><span class='ocrx_word' id='word_1_885' title='bbox 2984 5814 3070 5871; x_wconf 81' lang='lat'><strong>38</strong></span> 
     </span>
    </p>
   </div>
  </div>
