3952 6396
234 413 392 468 1197

1268 415 1553 475 ECLOGE
1589 413 2056 470 PROPHETICE.
2089 443 2157 454 —
2187 411 2312 470 LIB.
2352 412 2450 470 IV.

3277 422 3410 477 1198

225 532 316 596 ὡς
359 535 526 599 πόλις
543 538 987 610 πολιορκουμένη⁸
1011 557 1030 590 ι
1063 541 1156 592 καὶ
1186 540 1274 592 ὅτε
1318 537 1662 609 πεπλήρωται
1707 535 1781 600 τὸ,

1887 534 1963 587 dit
2003 553 2015 587 :
2057 552 2074 586 ι
2103 531 2441 589 Neomeniam
2499 543 2552 589 et
2622 538 2938 602 Sabbatum,
2995 545 3049 594 et
3093 537 3412 594 festivitates

231 640 257 674 ε
283 623 596 680 ’Δκούσατε
627 630 796 696 λόγων
821 629 1039 699 Κυρίου,
1067 630 1316 699 ἄρχοντες
1333 628 1592 698 Σοδόμων·
1623 643 1789 698 προσ-

225 708 404 782 έχετε
439 717 598 784 νόμον
625 718 776 780 Θεοῦ,
795 718 914 782 λαὸς
943 720 1232 789 Γομόρρας.
1255 719 1317 770 Τί
1341 735 1427 788 μοι
1465 717 1661 787 πλῆθος
1686 716 1791 769 τῶν

227 798 457 855 θυσιῶν
484 805 634 875 ὑμῶν
654 807 1055 878 ςλέγειΚύριος,
1079 826 1098 858 ι
1120 808 1208 859 καὶ
1236 807 1305 860 τὰ
1326 808 1446 877 ἑξῆς
1463 824 1477 836 °
1502 803 1580 868 οἷς
1602 806 1790 873 ἐπιφέ-

232 904 347 957 ρει·
373 892 524 951 ιΤὰς
539 897 819 966 νεομηνίας
841 895 1006 964 ὑμῶν,
1023 894 1114 946 καὶ
1135 895 1230 956 τὰς
1256 895 1442 964 ἑορτὰς
1472 894 1618 962 ὑμῶν
1647 895 1792 962 μισεῖ

228 979 268 1049 ὴ
296 979 462 1049 ψυχή
514 999 612 1051 μου
633 1001 645 1013 ·
681 985 963 1054 ἐγενήθητέ
999 1002 1085 1053 μοι
1115 987 1190 1046 είς
1237 983 1541 1052 πλησμονὴν
1564 1022 1578 1046 ,
1611 983 1789 1034 οὐκέτι

227 1069 442 1137 ἀνήσω
460 1071 557 1134 τὰς
581 1074 844 1143 ἁμαρτίας
871 1073 1036 1142 ὑμῶν.
1057 1072 1170 1126 ”Οτ’
1197 1072 1260 1125 ἂν
1288 1072 1382 1133 τὰς
1410 1075 1592 1141 χεῖρας
1617 1071 1788 1122 ἐκτείο

229 1174 374 1226 νητε
412 1163 553 1230 πρὸς
583 1161 670 1230 μὲ,
709 1161 1024 1229 ἁποστρέψω
1061 1161 1181 1221 τοὺς
1225 1157 1533 1227 ὀφθαλμούς
1569 1175 1666 1226 μου
1697 1158 1788 1224 ἀφ’

229 1249 439 1318 ὑμῶν’
466 1253 558 1303 καὶ
594 1253 684 1302 ἐὰν
725 1250 1018 1320 πληθύνητε
1046 1251 1139 1319 τὴν
1175 1249 1370 1317 δέητιν,
1417 1253 1512 1300 οὑκ
1541 1247 1784 1300 εἰσακού-

231 1357 416 1411 σομαι
448 1342 597 1411 ὑμῶν
617 1359 632 1375 ο
654 1343 708 1393 αἱ
733 1343 838 1411 γὰρ
868 1345 1039 1411 χεῖρες
1066 1341 1212 1410 ὑμῶν
1242 1341 1464 1410 αἵματος
1498 1340 1735 1410 πλήρεις.
1764 1359 1782 1389 ι

227 1430 356 1482 Καὶ
404 1431 512 1501 ὅρα
539 1431 652 1494 πῶς
690 1434 717 1484 6
762 1431 914 1499 λόγος
956 1431 1118 1483 ταῦτα
1165 1431 1334 1483 πάντα
1375 1431 1786 1498 ἁποτεινάμενος

226 1519 342 1572 οὐκ
367 1521 802 1592 εἰδωλολατρείαν
826 1522 1047 1574 ἐνταῦθα
1075 1521 1176 1573 οὐδ’
1201 1522 1386 1590 ἑτέραν
1412 1522 1588 1582 αὐτοῖς
1615 1523 1787 1590 ἁμαρ-

225 1609 366 1662 τίαν
404 1611 648 1678 ἐγκαλεῖ,
677 1610 792 1662 οὐδὲ
823 1611 924 1679 μὴν
965 1612 1199 1679 αἱμάτων
1245 1611 1476 1671 πολλῶν,
1512 1611 1622 1663 ἀλλ’
1672 1611 1786 1673 ἐνὸς

227 1697 535 1768 ὲξαιρέτου
562 1699 699 1760 τινὸς
730 1698 970 1766 αἵματος,
1003 1697 1153 1766 δῆλον
1197 1697 1238 1748 δ’
1269 1698 1348 1749 ὅτι
1401 1698 1492 1750 τοῦ
1533 1693 1782 1767 Χριστοδ,

224 1787 342 1855 τὴν
395 1787 639 1855 ἔκχυσιν,
673 1788 795 1856 περὶ
826 1781 884 1839 οὗ
921 1787 1098 1853 σαφῶς
1129 1789 1156 1837 6
1205 1787 1353 1854 λόγος
1386 1788 1475 1839 τὸν
1521 1788 1644 1840 λαὸν
1678 1789 1785 1839 ἁπ-

226 1870 465 1944 ελέγχει
508 1875 672 1942 λέγων
686 1892 704 1914 ·›
723 1893 740 1923 ι
773 1877 834 1926 Ai
862 1875 966 1944 γὰρ
1007 1879 1178 1945 χεῖρες
1203 1877 1352 1944 ὑμῶν
1383 1877 1605 1944 αἵματος
1648 1877 1783 1946 πλη.
1813 1864 1855 1916 Β

230 1979 359 2033 ρεις
374 1979 389 1992 °
421 1982 443 2013 ι
463 1963 528 2014 δι’
551 1964 614 2032 ἢν
635 1963 806 2015 αἰτίαν
833 1964 957 2032 ἐξῆς
978 1965 1274 2031 ἐπιλέγεται
1297 1967 1374 2027 τὸ,
1397 1985 1412 2014 ι
1436 1966 1554 2028 Πῶς
1579 1965 1784 2032 ἐγένετο

229 2055 420 2122 πόρνη
456 2053 605 2114 πόλις
624 2053 780 2122 πιστὴ
800 2053 932 2104 Σιὼν
960 2055 1166 2123 πλήρης
1189 2054 1432 2124 κρίσεως,
1461 2056 1516 2106 ἐν
1583 2055 1783 2108 δικαιο-

231 2145 376 2213 σύνη
407 2142 474 2212 (f.
497 2144 584 2208 45)
607 2144 863 2213 ἐκοιμήθη
885 2146 938 2195 ἐν
954 2145 1106 2213 αὐτῇ,
1125 2143 1216 2196 νῦν
1241 2144 1294 2196 δέ
1315 2145 1617 2212 φονευταίς»
1647 2145 1764 2213 μεθ’

227 2234 266 2286 ἂ
286 2233 480 2286 πάντα
505 2232 762 2284 τελευτῶν
792 2233 820 2283 6
841 2233 990 2299 λόγος
1023 2231 1174 2295 αὖθις
1199 2234 1294 2303 τὴν
1318 2233 1579 2302 ἀποϐολὴν
1608 2234 1781 2287 αὐτῶν

230 2320 578 2391 προμηνύων
643 2321 830 2390 φησίν’
875 2339 894 2370 ι
933 2321 1175 2373 Ἔσονται
1217 2320 1322 2389 γὰρ
1368 2321 1441 2384 ὡς
1485 2322 1782 2389 τερέὸινθος

227 2410 647 2480 ἀποϐεϐληκυῖα
669 2411 734 2462 τὰ
758 2409 945 2478 φύλλα,
974 2412 1065 2462 καὶ
1093 2410 1166 2472 ὡς
1193 2411 1509 2481 παράδεισος
1538 2411 1676 2482 ὕδωρ
1708 2411 1781 2482 μὴ

229 2502 399 2571 ἔχων.
444 2503 554 2554 Καὶ
591 2501 736 2555 ἔσται
781 2503 814 2572 ἡ
858 2503 1004 2570 ἰσχὺς
1035 2501 1208 2554 αὐτῶν
1252 2503 1466 2572 καλάμη
1508 2503 1778 2569 στυπείου,

227 2596 330 2647 καὶ
364 2594 427 2646 αἱ
452 2593 697 2662 ἐργασίαι
731 2592 904 2646 αὐτῶν
936 2591 1009 2653 ὼς
1046 2592 1347 2662 σπινθῆρες,
1386 2594 1477 2645 καὶ
1513 2609 1779 2646 κατακαυ-

229 2685 502 2756 θήσονται
532 2687 578 2736 oi
619 2684 800 2752 ἄνομοι
833 2685 924 2735 καὶ
960 2686 1006 2736 οἱ
1044 2683 1348 2753 ἁμαρτωλοὶ
1390 2683 1520 2751 ἅμα,
1557 2686 1647 2736 καὶ
1683 2684 1779 2736 οὐκ

229 2773 394 2827 ἔσται
412 2776 445 2826 6
476 2772 697 2824 σϐέσων.
727 2792 744 2823 ι
777 2771 1017 2824 Τοσαῦτα
1038 2773 1129 2824 καὶ
1147 2771 1440 2841 τηλικαῦτα
1464 2775 1580 2824 κατ’
1607 2774 1779 2826 αὐτῶν

231 2863 744 2934 προαποφηναμένη
799 2864 830 2931 ή
875 2863 1202 2932 προφητεία,
1237 2862 1360 2931 ἑξῆς
1400 2863 1639 2933 ἐπιφέρει
1681 2865 1777 2933 τὴν

231 2956 450 3026 ἀρτίως
479 2956 605 3023 ἡμῖν
637 2954 935 3006 ἐκτεθεῖσαν
964 2955 1276 3023 περικοπὴν,
1301 2955 1365 3005 δι’
1383 2950 1449 3025 ἧς
1468 2955 1675 3024 εἴρηται
1697 2955 1774 3014 τὸ,

239 3062 258 3094 ι
287 3045 420 3096 Ὀτι
466 3043 614 3094 ἐσται
657 3043 714 3092 ἐν
744 3045 858 3103 ταῖς
900 3042 1148 3109 ἐσχάταις
1185 3042 1412 3111 ἡμέραις
1451 3043 1687 3111 ἐμφανὲς
1718 3042 1776 3096 τὸ

229 3134 362 3205 ὅρος
386 3132 612 3202 Κυρίου.
645 3150 660 3180 ι
683 3131 868 3198 Σαφῶς
893 3132 1025 3200 μετὰ
1046 3133 1141 3200 τὴν
1167 3128 1382 3185 ἐκείνων
1407 3133 1655 3202 ὁλοσχερῆ
1680 3135 1770 3185 καὶ

230 3221 458 3275 τελείαν
487 3216 748 3285 ἀποϐολήν
775 3233 832 3268 τε
867 3218 958 3268 καὶ
1001 3218 1270 3286 ἐρήμωσιν
1307 3216 1403 3277 τὰς
1434 3217 1528 3285 τῆς
1568 3217 1770 3284 Καινῆς

231 3308 523 3377 Διαθήκης
551 3305 906 3373 ὑποφαίνουσα
936 3304 1254 3373 οἰκονομίας,
1291 3303 1405 3355 καθ’
1448 3305 1513 3365 ἃς
1545 3306 1776 3373 ἐμφανὲς

228 3401 354 3460 τοῖς
386 3397 558 3449 πᾶσιν
606 3394 774 3446 ἔθνεσι
801 3393 860 3446 τὸ
897 3393 1014 3463 ὅρος
1038 3395 1224 3460 γέγονε
1246 3393 1337 3444 τοῦ
1370 3393 1586 3462 Κυρίου.
1625 3393 1777 3445 Ποῖον

231 3489 292 3541 δὲ
339 3487 493 3556 ὅρος,
529 3483 562 3553 ἢ
595 3486 622 3536 6
655 3487 708 3535 ἐν
748 3485 883 3553 ἀρχῇ
938 3482 1069 3552 πρὸς
1099 3481 1188 3532 τὸν
1217 3481 1366 3544 Θεὸν,
1404 3483 1531 3544 Θεὸς
1575 3482 1773 3549 Λόγοςς

233 3574 410 3635 αὐτὸς
444 3573 473 3623 6
513 3571 697 3638 Σωτὴρ
739 3573 825 3622 καὶ
862 3569 1055 3638 Κύριος
1103 3568 1284 3638 ἡμῶν,
1319 3567 1377 3619 ὃν
1411 3567 1777 3638 προαποδεδὼ-

238 3678 450 3731 καμεν,
485 3661 609 3728 περὶ
635 3654 692 3711 οὗ
720 3657 810 3710 καὶ
837 3660 891 3708 ἐν
923 3659 1163 3726 Ψαλμοῖς
1200 3657 1429 3727 εἴρηται,
1460 3675 1476 3705 ι
1505 3656 1664 3726 Ὅρος
1683 3655 1776 3708 τοῦ

236 3751 405 3814 Θεοῦ,
431 3750 554 3819 ὅρος
583 3751 727 3800 πῖον·
759 3768 776 3799 ι
808 3749 897 3800 καὶ
920 3748 997 3810 τὸ,
1027 3765 1045 3796 ι
1074 3747 1274 3816 Ὀροςδ
1304 3747 1625 3816 εὐδόκησενό
1647 3747 1775 3810 Θεὸς

239 3842 522 3893 κατοικεῖν
548 3839 602 3888 ἐν
632 3835 795 3905 αὐτῷ.
839 3855 857 3889 ι
898 3837 1036 3906 Πρὸς
1075 3837 1241 3905 τούτῳ
1271 3836 1324 3888 δέ
1369 3835 1444 3905 τῷ
1472 3837 1583 3905 ὄρει
1621 3837 1714 3888 καὶ
1750 3839 1778 3888 6

237 3927 392 3992 οἶκος
426 3928 518 3981 τοῦ
568 3927 698 3980 Θεοῦ
751 3926 993 3997 ἐμφανὴς
1028 3927 1241 3993 γέγονεν
1262 3942 1276 3955 ⁸
1315 3922 1460 3988 οἶκος
1502 3927 1544 3979 δ’
1599 3927 1662 3979 ἃν
1693 3926 1776 3996 εἴη

239 4019 383 4072 Θεοῦ
415 4021 449 4086 ἡ
491 4017 796 4086 Ἐκκλησία,
831 4017 864 4085 ή
893 4017 976 4068 ἐπ’
1007 4015 1186 4084 ἄκρων
1211 4016 1317 4068 τῶν
1349 4015 1513 4086 ὀρέων
1548 4017 1771 4068 ἀποστο-

239 4107 418 4160 λικῶν
465 4125 522 4159 τε
569 4107 658 4160 καὶ
699 4106 1040 4178 προφητικῶν
1090 4107 1257 4173 λόγων
1305 4107 1734 4177 ἐπεστηριγμένη
1760 4125 1772 4136 ·

241 4193 457 4247 τούτων
496 4194 552 4246 δὲ
593 4194 842 4262 ἐμφανῶν
885 4193 1182 4264 γενομένων
1230 4195 1314 4246 ἐπ’
1353 4195 1481 4248 αὐτὸ
1511 4195 1666 4247 τοῦτο
1716 4196 1776 4248 τὸ

239 4285 396 4354 ὅρος,
429 4281 582 4350 δῆλον
618 4283 660 4333 δ’
687 4285 766 4335 ὅτι
793 4285 879 4336 τὸν
913 4285 1048 4336 θεῖον
1094 4285 1262 4351 Λόγον
1303 4285 1363 4336 οὐ
1399 4285 1724 4355 κεκτημένος
1751 4289 1778 4338 6

253 4369 499 4440 Ἰσραὴλ,
533 4369 636 4420 οὐδ’
666 4371 693 4420 6
729 4370 984 4440 πολλαχοῦ
1028 4371 1338 4442 δηλούμενος
1369 4369 1512 4436 οἶκος
1556 4373 1741 4425 Ἰακὼϐ
1761 4411 1774 4434 ,

242 4459 362 4512 ἀλλ’
386 4455 712 4520 ἁπαξαπλῶς
751 4459 920 4511 πάντα
946 4461 1012 4550 τὰ
1053 4462 1208 4530 ἐθνηο
1243 4463 1334 4515 καὶ
1362 4462 1424 4532 δὴ
1465 4463 1630 4531 σαφὲς
1663 4462 1776 4524 πῶς
1809 4498 1850 4550 D

243 4551 342 4603 καὶ
377 4549 500 4601 τίνα
526 4547 752 4616 τρόπον,
807 4549 1256 4604 ἀποτελεσθέντων
1282 4552 1367 4604 διὰ
1402 4552 1500 4622 τῆς
1543 4550 1632 4604 τοῦ
1664 4553 1775 4604 Σω-

244 4639 416 4712 τῆρος
442 4641 474 4708 ή
484 4637 596 4708 μῶν
621 4638 930 4712 ἐπιφανείας
952 4639 1057 4691 τῶν
1083 4643 1498 4712 προειρημένων,
1525 4643 1774 4714 ἐμφανῶν

245 4745 305 4781 τι
350 4727 654 4798 γενομένων
685 4727 773 4780 τοῦ
821 4744 877 4779 τε
931 4729 1308 4798 ἀποδεδομένον
1355 4732 1508 4803 ὅρους
1553 4737 1641 4787 καὶ
1685 4735 1777 4787 τοῦ

244 4816 610 4889 δεδηλωμένου
656 4816 800 4870 οἴκου
827 4857 841 4882 ,
875 4819 1029 4887 ἡμεῖς
1063 4821 1111 4871 oi
1151 4821 1209 4885 ἐξ
1246 4820 1410 4873 ἐθνῶν
1440 4822 1526 4876 διὰ
1560 4824 1656 4893 τῆς
1701 4827 1778 4886 εἰς

244 4911 480 4980 Χριστὸν
512 4911 601 4964 τὸν
629 4910 752 4962 Υἱδν
781 4908 887 4974 ,τοῦ
920 4909 1051 4962 Θεοῦ
1084 4913 1310 4976 πίστεως
1337 4915 1779 4986 προσεληλυθότες

243 4997 322 5067 τῷ
353 4998 462 5050 τῶν
495 4998 625 5050 ὅλων
671 4998 806 5068 Θεῷ,
841 4999 1002 5053 πάλαι
1046 5001 1142 5069 μὲν
1180 4988 1486 5069 ἀγνοοῦντες
1527 5006 1594 5056 τὰ
1631 5005 1775 5074 τηλι-

246 5080 442 5152 καῦτα,
465 5089 580 5140 νυνὶ
607 5088 662 5140 δὲ
698 5089 785 5141 διὰ
813 5090 908 5160 τὴν
932 5091 1077 5144 θείαν
1109 5093 1262 5162 χάριν
1289 5094 1588 5158 ἐπιγνόντες
1621 5094 1776 5156 αὐτὰ,

249 5178 720 5248 προσεληλύθαμεν
760 5179 891 5232 Σιὼν
932 5181 1041 5252 ὄρει
1083 5183 1174 5234 καὶ
1210 5182 1356 5234 πόλει
1384 5182 1513 5234 Θεοῦ
1563 5181 1774 5248 ζῶντος,

259 5264 564 5335 Ὶερουσαλὴ
572 5284 608 5335 μ
627 5267 940 5337 ἐπουρανίῳ’
961 5271 1052 5322 καὶ
1069 5269 1161 5322 ἅτε
1184 5271 1548 5332 παιδευθέντες
1569 5272 1670 5323 ὑπὸ
1683 5273 1776 5324 τοῦ

253 5349 620 5422 ἐξεληλυθότος
651 5356 683 5424 ἤ
713 5358 803 5408 καὶ
828 5356 1251 5427 καταϐεϐηκότος
1271 5361 1332 5411 ἐκ
1351 5360 1448 5427 τῆς
1469 5361 1778 5430 ἐπουρανίου

263 5439 608 5514 Ἰερουσαλὴμ
633 5447 799 5512 Λόγου
821 5446 973 5511 Θεοῦ,
995 5449 1066 5511 ὡς
1088 5450 1235 5501 «Ὅτι
1263 5452 1295 5518 ἡ
1320 5450 1428 5502 ἄνω
1443 5451 1780 5521 Ἰερουσαλὴμ

256 5531 507 5606 ἐλευθέρα
541 5536 703 5596 ἐστὶν,
728 5537 844 5602 ἥτις
890 5540 1004 5590 ἐστὶ
1035 5539 1211 5608 μήτηρ
1232 5539 1383 5607 ἡμῶν
1403 5556 1414 5567 ’
1444 5557 1460 5589 ι
1487 5540 1574 5589 ἐπὶ
1599 5539 1779 5593 τοῦτον

327 5731 343 5760 ¹
370 5731 470 5786 lsa.
509 5745 546 5798 ι,
575 5731 717 5785 815.
797 5733 815 5761 ¹
855 5733 977 5785 ibid.
1015 5731 1092 5784 Ξιι.
1171 5731 1334 5784 “ibid.
1368 5731 1456 5784 30.

1885 631 2091 678 vestras
2127 638 2232 677 non
2270 623 2459 688 feram,
2506 625 2675 695 iniqui
2721 637 2846 682 sunt
2873 640 3044 685 cmtus
3085 631 3290 685 vestri:
3319 645 3410 686 so-

1886 714 2185 768 lemnitates
2221 721 2426 769 vestras
2472 716 2642 770 odivit
2683 719 2858 772 anima
2905 735 3022 774 mea
3050 737 3063 772 :
3091 719 3232 773 facta
3281 729 3411 774 sunt

1885 803 2014 858 mihi
2042 804 2282 866 moleSta,
2311 802 2543 858 laboravi
2573 805 2866 860 sustinens.
2902 807 2966 860 Et
2994 823 3114 864 cum
3161 809 3413 864 extende-

1885 891 2006 946 ritis
2029 907 2217 947 manus
2248 903 2475 957 vestras,
2511 904 2744 950 avertam
2773 897 2956 951 oculos
2985 914 3131 955 meos
3159 913 3189 951 a
3220 900 3409 954 vobis:

1885 987 1939 1034 et
1965 996 2086 1034 eum
2111 983 2591 1052 multiplicaveritis
2612 986 2927 1049 orationem,
2962 1003 3066 1040 non
3087 989 3368 1042 exaudiam
3395 1007 3410 1042 :

1886 1083 2076 1124 manus
2112 1071 2253 1124 enim
2282 1080 2472 1126 vestrae
2517 1073 2775 1140 sanguine
2802 1074 2969 1143 plenae
2995 1077 3180 1129 sunt‘.
3211 1096 3229 1128 ι
3283 1077 3412 1132 Ani-

1887 1159 2152 1214 madverte
2183 1162 2449 1230 quomodo
2489 1163 2780 1233 Scriptura,
2825 1165 2908 1220 his
2940 1167 3190 1219 omnibus
3217 1182 3411 1236 expro-

1885 1248 2045 1311 batis,
2082 1265 2250 1318 neque
2283 1251 2637 1304 idololatriam
2669 1253 2775 1313 hic.
2818 1269 2991 1323 neque
3017 1255 3176 1308 aliam
3206 1257 3284 1311 eis
3315 1257 3411 1310 ini-

1885 1339 2137 1407 quitatem
2168 1341 2372 1408 objicit,
2415 1358 2587 1410 neque
2619 1345 2940 1412 sanguinum
2977 1347 3284 1410 multorum,
3317 1350 3409 1403 sed

1885 1431 2044 1483 unius
2072 1431 2348 1500 cujusdam
2375 1435 2744 1501 prmi-clientis,
2792 1436 2990 1489 Christi
3028 1438 3252 1499 scilicet.
3281 1438 3412 1492 effu-

1884 1519 2084 1573 sionem
2119 1521 2186 1572 ob
2217 1535 2372 1588 quem
2425 1520 2700 1588 Scriptura
2747 1537 2999 1591 expresse
3038 1525 3290 1592 populum
3331 1527 3412 1579 in-

1883 1619 2064 1677 crepat
2114 1609 2297 1664 dicens
2341 1628 2354 1663 :
2394 1629 2411 1659 ι
2445 1609 2631 1664 Manus
2692 1621 2880 1666 vestra:
2931 1613 3188 1682 sanguine
3242 1617 3412 1684 plenae

1885 1699 2046 1751 sunt?
2082 1717 2097 1747 ι
2135 1698 2465 1768 Quapropter
2490 1699 2744 1752 continuo
2796 1701 2979 1766 adjicit
3019 1719 3032 1754 :
3089 1719 3106 1751 ι
3136 1701 3411 1766 Quomodo

1883 1785 2022 1840 facta
2053 1797 2134 1841 est
2165 1789 2412 1841 meretrix
2442 1787 2634 1841 civitas
2667 1789 2857 1851 ﬁdelis,
2891 1791 3043 1858 plena
3068 1790 3293 1858 judicii?
3315 1790 3412 1846 Ju-

1881 1876 2024 1929 stitia
2058 1875 2314 1928 habitavit
2343 1876 2393 1928 in
2415 1890 2498 1934 ca.
2526 1891 2668 1930 nunc
2696 1885 2870 1930 autem
2901 1878 3251 1932 homicidac'?
3278 1899 3296 1930 ι
3335 1882 3410 1934 Ac

1881 1972 2064 2033 postea
2109 1979 2322 2018 rursum
2369 1979 2554 2017 eorum
2603 1964 3031 2034 reprobationem
3070 1981 3244 2020 sermo
3295 1982 3412 2034 pro-

1881 2054 2177 2123 phetizaus,
2210 2053 2293 2106 his
2336 2053 2512 2106 verbis
2555 2052 2751 2108 desinit
2780 2072 2793 2107 :
2821 2073 2838 2103 ι
2872 2055 3038 2108 Erunt
3066 2056 3219 2123 quasi
3257 2071 3412 2125 quer-

1880 2159 1976 2198 cus
2024 2142 2381 2197 deﬂuentibus
2430 2143 2606 2206 foliis,
2661 2151 2716 2198 et
2776 2146 2918 2198 velut
2976 2145 3160 2200 hortus
3213 2146 3411 2216 absque

1881 2246 2040 2300 aqua.
2071 2230 2136 2284 Et
2165 2232 2267 2284 erit
2299 2230 2558 2285 fortitudo
2581 2241 2781 2295 vestra,
2816 2241 2872 2286 ut
2905 2231 3080 2286 favilla
3114 2241 3334 2303 stuppae,
3358 2231 3410 2289 e't

1879 2336 2016 2389 opus
2039 2331 2274 2376 vestrum
2297 2321 2452 2390 quasi
2473 2321 2706 2376 scintilla
2728 2329 2809 2375 :et
2827 2321 3182 2376 succendetur
3203 2330 3410 2376 utrum-

1881 2424 1984 2477 que
2026 2409 2206 2471 simul,
2241 2416 2294 2463 et
2340 2424 2446 2462 non
2492 2409 2594 2462 erit
2635 2409 2726 2478 qui
2756 2411 3060 2480 exstinguat
3084 2410 3125 2464 ³.
3156 2429 3174 2461 ι
3209 2405 3331 2464 Haec
3357 2422 3410 2466 et

1879 2498 2069 2552 similia
2093 2499 2146 2550 in
2178 2498 2270 2552 eos
2294 2499 2656 2567 praenuntians
2680 2499 2976 2568 prophetia,
3001 2499 3254 2553 continuo
3277 2501 3407 2554 sub-

1873 2589 1994 2656 jicit
2044 2603 2106 2641 ea
2144 2603 2260 2656 quae
2316 2588 2425 2656 jam
2487 2589 2634 2657 prius
2691 2591 2990 2651 retulimus,
3029 2589 3254 2653 scilicet,
3291 2609 3308 2640 ι
3347 2589 3410 2643 Et

1876 2677 1976 2728 erit
2021 2676 2075 2728 in
2134 2676 2438 2731 novissimis
2475 2677 2662 2731 diebus
2716 2675 3029 2731 manifestus
3091 2692 3243 2731 mons
3309 2676 3410 2730 Dol

1880 2766 2008 2819 mini
2035 2765 2075 2821 ‘.
2110 2786 2127 2817 ι
2164 2765 2359 2835 Aperte
2393 2774 2512 2835 post
2558 2767 2784 2820 istorum
2829 2767 3037 2836 plenam
3088 2766 3409 2835 perfectam-

1877 2869 1978 2922 que
2009 2855 2437 2924 reprobationem
2466 2861 2518 2909 et
2549 2855 2778 2921 ruinam,
2805 2855 2936 2909 Novi
2965 2855 3292 2912 Testamenti
3327 2858 3410 2911 ine

1878 2943 2206 2997 stitutionem
2245 2934 2495 3006 ostendit,
2527 2959 2631 3012 qua
2663 2945 2977 3000 manifestus
3005 2946 3254 3002 omnibus
3282 2961 3409 3017 gen-

1876 3031 2019 3084 tibus
2067 3047 2220 3084 mons
2259 3031 2430 3086 factus
2458 3042 2539 3086 est
2577 3033 2808 3087 Domini.
2846 3033 3030 3099 Qualis
3058 3050 3185 3091 vero
3232 3052 3406 3099 mons.

1877 3119 1980 3172 nisi
2014 3121 2104 3187 qui
2153 3121 2207 3172 in
2249 3121 2510 3190 principio
2554 3121 2691 3188 apud
2736 3121 2921 3184 Deum,
2966 3122 3102 3178 Deus
3131 3123 3410 3178 Verbum?

1877 3206 1990 3274 ipse
2033 3207 2173 3258 enim
2212 3205 2451 3260 Salvator
2475 3215 2526 3260 et
2556 3207 2812 3262 Dominus
2853 3217 3053 3275 noster,
3077 3226 3232 3278 quem
3262 3212 3408 3279 prius

1875 3295 2417 3364 ostendimus,dequo
2434 3305 2484 3350 et
2507 3298 2558 3350 in
2589 3296 2812 3351 Psalmis
2829 3299 3042 3363 dicitur,
3067 3318 3084 3350 ι
3116 3301 3264 3356 Mons
3293 3301 3406 3366 Dei,

1875 3395 2029 3440 mons
2061 3385 2268 3454 pinguis
2291 3403 2335 3449 ς»
2356 3394 2427 3447 et,
2453 3403 2470 3434 ι
2504 3384 2654 3440 Mons
2683 3387 2737 3440 in
2772 3402 2878 3455 quo
2918 3387 3300 3457 beneplacitum
3329 3399 3410 3448 est

1876 3475 1983 3528 Deo
2024 3475 2267 3528 habitare
2319 3474 2373 3526 in
2423 3488 2488 3527 eo
2510 3476 2553 3526 ⁸.
2587 3493 2605 3525 ι
2646 3472 2842 3529 Praeter
2879 3476 3022 3530 hunc
3073 3485 3307 3532 montem
3356 3485 3410 3533 et

1874 3566 2064 3621 domus
2120 3564 2327 3618 Domini
2369 3561 2649 3618 manifesta
2710 3563 2848 3617 facta
2889 3574 2988 3619 est.
3041 3565 3236 3620 Domus
3284 3579 3411 3622 vero

1877 3666 2018 3713 esset
2045 3657 2136 3711 Dei
2174 3657 2433 3718 Ecclesia,
2465 3671 2583 3726 quae
2614 3657 2666 3710 in
2689 3659 2884 3710 vertice
2911 3658 3172 3712 montium
3202 3666 3410 3727 aposto~

1877 3748 2100 3801 licorum
2147 3756 2198 3800 et
2243 3747 2677 3815 prophetieorum
2725 3747 3005 3801 verborum
3051 3748 3252 3802 elevata
3303 3756 3406 3804 est.

1875 3836 2081 3902 Quibus
2113 3852 2238 3890 vero
2285 3835 2640 3891 manifestatis
2678 3852 2838 3906 super
2864 3838 3008 3892 hunc
3039 3839 3216 3908 ipsum
3251 3855 3407 3893 mon-

1875 3935 2002 3989 tem,
2037 3935 2278 3996 apertum
2313 3935 2395 3980 est
2439 3927 2581 3996 quod
2613 3927 2852 3982 divinum
2881 3928 3104 3982 verbum
3131 3943 3239 3982 non
3275 3943 3408 3983 eon-

1877 4025 2091 4072 secutus
2137 4023 2220 4070 est
2260 4017 2448 4080 Israel,
2501 4027 2674 4086 neque
2717 4018 2902 4073 multis
2957 4019 3089 4074 locis
3132 4019 3409 4088 designata

1875 4107 2065 4159 domus
2105 4103 2293 4168 Iacob,
2342 4106 2436 4160 sed
2492 4105 2546 4160 in
2605 4108 2915 4162 universum
2960 4124 3146 4163 omnes
3200 4117 3405 4179 gentes.

1874 4195 2097 4250 Constat
2150 4195 2292 4250 enim
2343 4211 2449 4266 quo
2499 4197 2658 4251 modo
2709 4213 2883 4266 quave
2936 4200 3144 4254 ratione
3185 4201 3410 4270 expletis

1879 4286 2171 4341 Salvatoris
2218 4287 2389 4341 nostri
2440 4287 2870 4343 manil‘estatione
2915 4291 3286 4358 pranuntiatis
3327 4306 3412 4344 re—

1877 4378 1975 4431 bus
2002 4377 2408 4446 manifestisque
2431 4375 2611 4440 factis,
2636 4393 2790 4432 mons
2818 4389 2874 4433 et
2898 4379 3088 4433 domus
3114 4395 3233 4449 qua:
3255 4382 3412 4435 modo

1877 4468 2214 4536 interpretati
2252 4482 2438 4521 sumus
2463 4505 2478 4529 ,
2523 4481 2624 4522 nos
2660 4483 2690 4523 e
2736 4469 2990 4538 gentibus
3034 4485 3127 4540 per
3171 4471 3327 4525 fidem
3359 4471 3412 4524 in

1877 4558 2145 4612 Christum
2193 4557 2280 4613 Dei
2329 4557 2522 4612 Filium
2570 4559 2636 4612 ad
2669 4559 2910 4613 omnium
2949 4561 3110 4615 Deum
3144 4563 3410 4630 perducti,

1880 4651 2068 4704 horum
2092 4651 2306 4720 quidem
2331 4651 2599 4720 quondam
2618 4651 2797 4718 inscii,
2831 4665 2975 4704 nunc
2997 4665 3122 4703 vero
3148 4664 3242 4718 per
3273 4648 3412 4701 divi-

1881 4757 2001 4795 nam
2031 4741 2255 4810 gratiam
2292 4741 2468 4810 periti,
2503 4741 2569 4794 ad
2621 4739 2748 4793 Sion
2789 4742 3022 4791 montem
3057 4744 3111 4791 et
3140 4735 3412 4790 civitatem

1882 4830 1970 4884 Dei
2012 4831 2258 4892 viventis,
2292 4829 2694 4897 Jerusalemque
2734 4829 3004 4882 caelestem
3054 4827 3410 4894 pervenimus.

1881 4917 1946 4970 Et
1971 4917 2116 4971 velut
2139 4917 2312 4972 edocti
2347 4917 2415 4970 ab
2447 4917 2538 4970 illo
2571 4919 2661 4986 qui
2697 4932 2948 4987 egressus
2975 4927 3057 4972 est
3083 4918 3164 4972 vel
3187 4915 3413 4972 desecu-

1882 5007 1957 5062 dit
1979 5007 2045 5060 de
2065 5007 2270 5061 caelesti
2293 5005 2611 5069 Jerusalem,
2636 5006 2813 5063 Verbo
2840 5006 2968 5071 Deo,
2999 5009 3246 5064 novimus
3271 5009 3414 5078 quod

1887 5115 1904 5146 ‹
1931 5097 2019 5149 illa
2063 5111 2178 5165 qua:
2209 5112 2422 5152 sursum
2471 5105 2554 5152 est
2593 5097 2909 5161 Jerusalem,
2948 5100 3113 5154 libera
3157 5107 3262 5162 est,
3298 5116 3417 5170 quae

1881 5194 1962 5240 est
2005 5193 2176 5240 mater
2219 5195 2404 5241 nostra
2426 5188 2466 5240 ⁸.
2499 5207 2518 5239 ι
2566 5189 2647 5244 Ad
2687 5189 2828 5244 hanc
2876 5192 3149 5246 caelestem
3188 5189 3279 5246 Dei
3318 5193 3414 5248 do—

1881 5291 2044 5337 mum,
2076 5276 2143 5329 ad
2176 5275 2329 5341 Sion,
2371 5279 2644 5334 caelestem
2676 5289 2908 5334 montem
2941 5279 3174 5342 Domini,
3207 5296 3307 5335 nos
3336 5281 3416 5336 in-

1879 5363 2048 5418 vicem
2089 5366 2377 5422 invitantes
2410 5367 2859 5438 adhortantesque
2905 5369 3168 5424 doctrinis
3195 5379 3248 5425 et
3278 5372 3416 5426 inci—

1877 5454 2190 5521 tationibus,
2225 5456 2572 5514 dictitamus:
2612 5477 2630 5509 ι
2664 5458 2851 5514 Venite
2888 5467 2941 5512 et
2974 5456 3326 5515 ascendamus
3351 5461 3418 5514 ad

1879 5553 2108 5598 montem
2141 5544 2371 5613 Domini,
2414 5557 2468 5602 et
2505 5550 2573 5604 ad
2622 5550 2836 5604 domum
2880 5541 2977 5604 Dei
3005 5549 3210 5606 Iacob:
3241 5557 3296 5605 et
3323 5548 3422 5602 du~

1561 5736 1577 5764 ⁸
1602 5733 1698 5788 lsa.
1730 5751 1787 5800 η,
1818 5738 1866 5792 l.
1911 5740 1962 5816 κ’
1992 5738 2132 5797 Psal.
2163 5756 2326 5812 vau,
2357 5742 2438 5810 15,
2461 5742 2546 5797 16.
2621 5744 2642 5776 ⁸
2665 5744 2780 5799 Gal.
2814 5759 2887 5809 tv,
2908 5744 3004 5799 26.
