3952 6388
262 409 393 461 1201

1258 402 1543 460 ΕΟΕΟΒΑΕ
1583 396 2050 455 PROPHETICIE.
2089 426 2157 439 -—
2192 394 2317 449 LIB.
2359 394 2444 448 IV.

3266 382 3397 442 Η.θὲ

252 524 510 592 κείμενος
535 526 629 593 τῆς
674 525 994 594 προφητείας
1035 524 1207 589 λόγος,
1248 522 1277 571 ὁ
1320 519 1567 587 φάσκωνσ
1596 535 1614 566 ι
1661 515 1786 567 Ἰδοὺ

1890 510 2162 565 habitabat
2197 510 2249 562 in
2276 508 2375 570 eis,
2405 507 2580 560 divina
2608 506 2936 573 cmlestisque
2956 504 3142 571 gratia.
3170 516 3267 555 nec
3289 501 3396 568 jam

247 611 313 679 δὴ
347 612 378 662 ὀ
407 612 670 683 δεσπότης
694 614 890 684 Κύριος
926 610 1140 664 Σαϐαὼθ
1183 608 1365 677 ἀφελεῖ
1395 606 1499 659 ἀπὸ
1519 605 1615 674 τῆς
1657 605 1786 655 Ἰουο

245 701 409 763 δαίας
436 703 531 754 καὶ
550 704 655 756 ἀπὸ
695 702 1035 771 Ἰερουσαλὴμ
1073 699 1313 767 ἰσχύοντα
1331 697 1421 750 καὶ
1452 694 1780 763 ἰσχύουσαν.»

262 790 517 859 Ἀληθῶς
542 792 647 862 γὰρ
677 793 941 863 ἀφῄρηται
969 791 1059 844 ἀπ’
1085 788 1258 842 αὐτῶν
1288 789 1321 856 ἡ
1344 784 1506 838 πάλαι
1530 783 1785 851 πρότερον

249 879 716 948 ὲμπολιτευομένη
744 884 798 932 ὲν
841 880 1017 939 αὐτοῖς
1043 878 1157 930 θεία
1198 875 1289 928 καὶ
1324 872 1566 942 οὐράνιος
1607 869 1784 938 χάρις,

250 969 347 1021 καὶ
418 970 596 1022 οὐκέτ’
643 970 782 1022 ἔστιν
826 971 997 1038 εὑρεῖν
1039 970 1093 1019 ὲν
1135 967 1311 1025 αὐτοῖς
1360 960 1478 1013 οὔτε
1512 958 1786 1028 προφήτην

247 1055 376 1107 οὔτε
422 1059 747 1126 στοχαστήνο
784 1056 885 1108 ποῦ
923 1056 977 1106 δὲ
1024 1055 1114 1107 καί⁵
1142 1055 1169 1103 ὁ
1198 1048 1519 1118 πολεμιστὴς
1550 1043 1721 1098 αὐτῶν
1752 1043 1783 1111 ἢ

247 1146 277 1196 ὁ
323 1144 611 1215 δικαστὴς,
660 1148 690 1197 ὁ
744 1144 1045 1213 θαυμαστὸς
1076 1141 1390 1212 σύμϐουλος.
1430 1136 1522 1206 ἢὸ
1574 1133 1786 1194 συνετὸς

249 1235 535 1302 ἀκροατής
558 1251 572 1297 ;
598 1235 659 1286 Et
686 1234 741 1285 δὲ
780 1236 872 1286 καὶ
906 1233 1143 1285 δοκοῦσιν
1173 1231 1331 1299 ἄρτου
1363 1225 1453 1278 τοῦ
1498 1238 1787 1291 πνεύματι·

250 1323 353 1375 κοῦ
383 1324 633 1393 μετέχειν
656 1325 712 1376 ὲν
741 1324 817 1393 τῷ
842 1327 949 1386 τοῖς
972 1325 1128 1392 ίεροῐς
1151 1318 1486 1387 ἐντυγχάνειν
1529 1313 1620 1365 τοῦ
1655 1309 1784 1362 Θεοῦ

248 1410 458 1477 λόγοις,
488 1412 598 1464 ἀλλ’
629 1413 726 1482 ὅρα
744 1414 791 1464 εί
811 1412 930 1482 μὴή
957 1411 1176 1478 δύναμις
1199 1408 1291 1460 καὶ
1316 1408 1349 1476 ἡ
1378 1402 1573 1472 ίσχὺςή
1603 1401 1657 1452 ὲν
1676 1399 1785 1456 τοῖς

248 1499 426 1561 θείοις
467 1500 782 1570 Γράμμασιν
819 1498 1202 1567 ἐναποκειμένη
1220 1495 1277 1559 ἐξ
1302 1492 1473 1547 αὐτῶν
1494 1488 1783 1558 ἀφῄρηται·

248 1586 503 1652 σαφῶςδ“
520 1589 611 1640 ἐπὶ
635 1587 836 1649 τούτοις
862 1588 998 1658 καὶὴ
1024 1584 1361 1656 Ἰερουσαλὴμ
1378 1582 1595 1638 ἀνεῖται,
1614 1574 1705 1627 καὶ
1724 1573 1788 1623 τά

247 1675 421 1729 λοιπά
448 1677 505 1729 δὲ
530 1678 699 1731 πάντα
724 1680 800 1740 εἰς
820 1679 1008 1740 αὐτοὺς
1032 1675 1374 1745 πεπλήρωται
1392 1671 1477 1724 διὰ
1497 1669 1620 1738 μίαν
1652 1661 1791 1716 ὲκεί-

1890 598 2029 667 apud
2055 612 2147 650 eos
2176 597 2407 665 reperire
2434 602 2517 647 est
2560 593 2862 660 prophetam
2899 592 3061 644 ullum
3096 598 3186 641 aut
3222 588 3398 640 hario-

1891 689 2017 741 lum.
2050 684 2147 738 Ubi
2175 684 2315 738 enim
2343 685 2421 737 vir
2448 681 2671 735 bellator
2696 695 2899 741 eorum,
2920 680 3105 747 judex,
3137 676 3398 730 mirabilis

1889 775 2245 834 consiliarius,
2278 780 2330 826 ct
2362 773 2593 841 prudens
2647 769 2839 847 eloquii
2892 768 3139 837 mystici?
3163 764 3314 831 Quod
3353 765 3396 817 si

1888 866 2135 918 videntur
2167 862 2322 932 panis
2363 859 2658 928 spiritualis
2682 871 2800 910 esse
2830 856 3130 923 participes,
3159 869 3277 906 cum
3310 867 3397 904 sa-

1889 970 1977 1005 cra
2007 952 2316 1022 possideant
2348 949 2440 1002 Dei
2478 947 2661 1009 verba,
2694 945 2810 998 vide
2842 960 3015 995 annon
3036 945 3201 998 virtus
3226 949 3277 997 et
3307 957 3399 994 ro-

1886 1043 2007 1101 bur,
2035 1042 2086 1093 iu
2116 1040 2309 1093 divinis
2342 1038 2631 1106 Seripturis
2653 1032 2961 1098 inclusa,ab
2983 1034 3047 1085 iis
3076 1033 3247 1085 ablata
3271 1032 3395 1085 sint.

1890 1129 2165 1183 Manifeste
2198 1129 2336 1181 enim
2370 1129 2448 1181 eis
2479 1128 2585 1180 ruit
2624 1124 2930 1186 Jerusalem,
2961 1132 3251 1189 caeteraque
3278 1136 3394 1174 om-

1886 1219 1974 1272 nia
2005 1218 2261 1272 adversus
2317 1232 2412 1271 eos
2456 1216 2667 1283 impleta
2715 1220 2839 1266 sunt
2890 1227 2981 1281 per
3016 1227 3179 1263 unum
3217 1223 3397 1262 eorum

1886 1309 2140 1362 adversus
2159 1307 2427 1360 Christum
2452 1306 2644 1360 scelus.
2671 1322 2689 1353 ι
2717 1303 2806 1357 Va:
2823 1304 2986 1365 enim,
3015 1321 3033 1352 ι
3057 1302 3130 1352 ait
3158 1299 3399 1367 Scriptu-

1885 1412 1964 1457 ra,
2000 1417 2019 1445 ι
2054 1396 2242 1450 anima:
2272 1411 2474 1449 eorum.
2514 1414 2531 1446 ι
2577 1395 2745 1463 Atque
2772 1390 3164 1461 imprecatiouis
3189 1403 3398 1441 causam

1888 1481 2056 1544 affert,
2079 1481 2298 1535 dicens:
2324 1480 2613 1544 «Quoniam
2644 1478 2836 1531 malum
2857 1478 3089 1529 meditati
3122 1483 3245 1530 sunt
3271 1489 3400 1527 con-

1889 1571 2069 1624 silium
2114 1570 2166 1622 in
2214 1571 2442 1636 seipsos,
2477 1569 2714 1621 dicentes
2757 1584 2771 1619 :
2828 1563 3130 1618 Vinciemus
3178 1562 3399 1631 justum,

1890 1657 2138 1725 quoniam
2162 1656 2364 1708 inutilis
2387 1654 2559 1706 nobis.
2600 1671 2619 1704 ι

246 1786 352 1837 νην
386 1771 490 1838 τὴν
522 1771 655 1824 κατά
699 1733 796 1824 τοῦ
811 1733 1035 1840 Χριστόῦ
1063 1733 1356 1841 ἁμαρτίαν⁸
1396 1785 1415 1816 ι
1439 1733 1570 1817 Ούαὶ
1601 1758 1725 1827 γὰρ,
1752 1775 1769 1805 ι
1789 1753 1943 1822 φησὶν
1979 1753 2006 1803 ό
2025 1750 2197 1816 λόγος.
2225 1768 2242 1799 ι
2277 1752 2341 1818 τῇ
2382 1749 2520 1816 ψυχῇ
2551 1747 2749 1798 αὐτῶν·
2783 1763 2800 1795 ι
2826 1743 2916 1797 καὶ
2955 1742 3045 1793 τοῦ
3081 1733 3400 1841 ταλανισμοῦ

245 1828 350 1927 τήν
420 1828 600 1913 αίτίαν
659 1828 969 1930 προστίθησι
1010 1862 1070 1931 (f.
1248 1862 1449 1926 λέγων·
1499 1873 1516 1904 ι
1556 1850 1695 1903 Διότι
1756 1841 2117 1912 βεϐούλευνται
2159 1839 2349 1909 βουλίην
2400 1838 2635 1909 πονηρὰν
2688 1836 2806 1921 καθ’
2858 1832 3089 1893 ἑαυτῶν,
3127 1828 3398 1888 είπόντεςυ

247 1949 521 2017 Δήσωμεν
538 1950 627 2002 τδν
671 1950 890 2013 δίκαιον,
918 1952 996 2004 ὄτι
1019 1951 1341 2022 δύσχρηστος
1366 1949 1497 2016 ἡμῖν.
1523 1944 1682 1994 ἐστιν.
1715 1955 1733 1985 ι

775 2042 1153 2094 ΚΕΦΑΛΑΙΟΝ
1213 2040 1287 2092 Γ’.
1476 2071 1481 2077 -

328 2143 350 2175 ι
378 2126 523 2191 Λαός
554 2146 673 2197 μου,
702 2130 749 2182 οί
770 2131 1150 2201 μακαρίζοντες
1178 2130 1318 2199 ὑμᾶς
1333 2127 1593 2183 πλανῶσιν
1626 2128 1783 2196 ὑμᾶς.

251 2216 348 2267 καὶ
381 2217 482 2285 τὴν
512 2216 690 2284 τρίϐον
711 2218 814 2270 τῶν
845 2219 1013 2271 ποδῶν
1045 2218 1193 2287 ὑμῶν
1223 2218 1591 2288 ταράσσουσιν.
1635 2216 1787 2269 Ἀλλά

249 2301 348 2354 νῦν
374 2305 770 2372 καταστήσεται
816 2307 891 2366 είς
918 2305 1090 2375 κρίσιν
1127 2305 1342 2374 Κύριος,
1375 2306 1466 2357 καὶ
1497 2306 1676 2375 στήσει
1700 2307 1787 2357 τὸν

252 2391 382 2442 λαὸν
418 2391 603 2443 αὑτοῦ.
634 2392 801 2453 Αὐτὸς
852 2391 1049 2461 Κύριος
1084 2394 1160 2455 εἰς
1189 2391 1361 2461 κρίσιν
1379 2390 1493 2461 ἥξει
1530 2391 1663 2461 μετά
1684 2392 1787 2443 τῶν

251 2478 643 2549 πρεσϐυτέρων
672 2480 763 2532 τοῦ
796 2480 944 2541 λαοῦ,
975 2482 1064 2532 καὶ
1098 2480 1232 2549 μετά
1263 2481 1367 2532 τῶν
1409 2482 1673 2550 ἀρχόντων
1700 2481 1789 2532 αύ-

251 2563 370 2615 τοῦ.
398 2582 420 2614 ι
448 2565 560 2616 Οὐκ
586 2564 753 2617 ἔοικεν
775 2566 864 2617 ἐπὶ
894 2566 981 2618 τὸν
1011 2566 1115 2618 τῶν
1147 2566 1277 2619 ὅλων
1298 2567 1423 2620 Θεὸν
1436 2568 1787 2638 ἀναφέρεσθαι

252 2651 334 2712 τὸ,
354 2670 373 2702 ι
398 2651 519 2703 Νῦν
547 2654 930 2723 καταστήσεται
968 2656 1045 2716 είς
1071 2654 1242 2724 κρίσιν
1272 2654 1529 2723 Κύριοςοι
1570 2656 1658 2707 καὶ
1686 2656 1787 2723 μά-

254 2740 413 2792 λιστα
444 2741 523 2803 τὸ,
564 2759 581 2791 ι
609 2742 775 2803 Αὐτὸς
810 2742 1006 2813 Κύριος
1049 2746 1124 2805 είς
1169 2743 1342 2813 κρίσιν
1373 2745 1489 2813 ἥξει
1520 2744 1655 2813 μετά
1683 2744 1788 2795 τῶν

254 2830 643 2900 πρεσϐυτέρων
674 2830 765 2882 τοῦ
802 2831 949 2894 λαοῦ,
972 2833 1062 2885 καὶ
1111 2834 1241 2902 μετά
1275 2833 1379 2884 τῶν
1409 2834 1673 2904 ἀρχόντων
1698 2835 1790 2887 αὐ-

256 2922 351 2973 τοῦ
376 2938 391 2952 ·
434 2940 452 2970 ι
472 2921 692 2990 ἁρμόζοι
724 2923 765 2974 δ’
797 2921 859 2975 ἂν
911 2925 1034 2992 περὶ
1061 2922 1151 2975 τοῦ
1183 2923 1312 2975 Θεοῦ
1357 2924 1546 2991 Λόγου,
1589 2924 1788 2993 Κυρίου

258 3011 353 3062 καὶ
409 3008 575 3062 αὑτοῦ
619 3011 1061 3080 χρηματίζοντος,
1113 3012 1282 3065 ταῦτα
1332 3012 1786 3082 προφητεύεσθαι’

258 3102 355 3151 καὶ
396 3099 508 3167 γὰρ
548 3094 637 3150 οὖν
681 3099 836 3161 αὐτὸς
878 3100 904 3150 ό
934 3099 1219 3167 κηρυχθείς
1252 3101 1381 3151 πᾶσι
1428 3103 1536 3161 τοῖς
1582 3101 1683 3152 ὑπὸ
1704 3101 1791 3153 τὸν

257 3188 492 3258 οὐρανὸν
515 3186 646 3237 θεοῦ
674 3188 838 3253 Λόγος
856 3190 933 3249 είς
953 3189 1125 3257 κρίσιν
1147 3188 1279 3256 μετά
1300 3188 1508 3240 πάντων
1532 3190 1794 3257 καταστή-

262 3291 443 3338 σεται,
483 3275 602 3345 μηδ’
631 3277 710 3328 ἑνὶ
736 3276 840 3327 τῶν
871 3277 1072 3328 ἀσεϐῶν
1100 3277 1276 3345 χώραν
1302 3277 1469 3338 διδοὺς
1488 3277 1788 3343 ἀπολογίας,

262 3363 362 3413 ἅτε
384 3363 466 3423 είς
495 3361 589 3423 τὰς
611 3361 855 3414 ἁπάντων
890 3362 1051 3424 ἀκοάς
1089 3362 1473 3432 διαδραμούσης
1508 3363 1666 3414 αὑτοῦ
1697 3363 1791 3429 τῆς

259 3449 608 3512 διδασκαλίας
626 3467 638 3479 υ
668 3451 783 3519 ἥξει
809 3452 850 3503 δ’
877 3453 954 3513 είς
977 3452 1148 3521 κρίσιν
1172 3452 1370 3521 Ἰησοῦς
1400 3452 1625 3522 Χριστὸς
1659 3450 1792 3521 μετά

261 3539 372 3594 τῶν
421 3538 793 3609 πρεσϐυτέρων
820 3540 1044 3609 μάλιστα
1087 3539 1178 3592 τοῦ
1208 3541 1333 3593 λαοῦ
1365 3539 1456 3592 καὶ
1513 3541 1644 3610 μετά
1691 3541 1793 3597 τῶν

263 3627 540 3697 ἀρχόντων
566 3628 746 3692 αὐτοῦ,
778 3624 861 3681 οἷα
904 3628 965 3699 δὴ
996 3630 1167 3682 αὐτῶν
1204 3629 1654 3699 ὲπισυναχθέντων
1678 3631 1792 3682 κατ’

263 3717 457 3778 αὐτοῦ,
505 3719 595 3769 καὶ
646 3719 740 3786 τὴν
786 3718 1066 3789 ἐπιϐουλὴν
1102 3720 1247 3789 αὐτῷ
1285 3722 1789 3790 συσκευασαμένων·

263 3809 313 3859 οἳ
352 3808 446 3860 καὶ
483 3809 859 3878 μακαρίζοντες
887 3810 975 3861 τὸν
995 3810 1286 3880 ἀρχόμενον
1317 3812 1403 3862 ὑπ’
1436 3810 1610 3882 αὐτῶν
1648 3810 1789 3870 λαὸν,

265 3897 513 3960 ὲπλᾴνων
548 3898 724 3961 αὑτὸν,
754 3898 993 3965 λέγοντες
1028 3899 1086 3951 τὸ
1121 3900 1345 3970 πονηρὸν
1367 3899 1541 3962 καλὸν,
1566 3902 1794 3963 καὶτοὺς

267 3986 465 4049 καλοὺς
495 3987 586 4040 τοῦ
637 3987 879 4056 Σωτῆρος
919 3989 1071 4057 ἡμῶν
1112 3989 1296 4056 λόγους
1337 3992 1596 4061 πονηροὺς
1633 3990 1792 4060 ύπάρ-

268 4090 387 4141 χειν
432 4076 856 4145 ἀποφαινόμενοι.

788 4188 1167 4240 ΚΕΦΑΛΑΙΟΝ
1219 4190 1288 4240 Δ’.

347 4287 367 4318 ι
388 4268 497 4319 Καὶ
528 4269 811 4336 προσέθετο
831 4272 1028 4341 Κύριος
1046 4273 1269 4342 λαλῆσαι
1295 4273 1373 4342 τῷ
1405 4275 1584 4343 Ἀχάζ,
1605 4276 1789 4343 λέγων’

267 4356 499 4423 Δίτησαι
525 4357 726 4423 σεαυτῷ
768 4363 981 4427 σημεῖον
1004 4361 1150 4430 παρά
1188 4363 1387 4431 Κυρίου
1431 4363 1563 4416 Θεοῦ
1599 4381 1687 4417 σου
1716 4368 1793 4427 είς

270 4443 452 4512 βάθος,
489 4442 521 4512 ἢ
555 4445 631 4505 είς
654 4444 799 4511 ὕψος.
819 4448 925 4498 Καὶ
954 4444 1275 4519 εἶπενἈχάζ
1293 4469 1305 4481 ·
1346 4453 1418 4505 Ού
1454 4454 1525 4523 μὴ
1561 4456 1789 4524 αἰτήσω,

265 4534 390 4586 οὐδὲ
427 4532 499 4601 μὴ
528 4533 764 4602 πειράσω
809 4534 1021 4603 Κύριον.
1050 4538 1157 4590 Καὶ
1195 4536 1371 4592 εἶπεν·
1411 4543 1689 4597 Ἀκούσατε
1706 4545 1785 4613 δὴ.

2478 2015 2697 2071 CAPUT
2726 2012 2813 2066 Ill.

1957 2131 1974 2161 ι
2010 2111 2207 2180 Popule
2238 2125 2407 2170 meus,
2443 2108 2531 2177 qui
2556 2116 2605 2161 te
2633 2109 2840 2160 beatum
2864 2103 3064 2162 dicunt,
3100 2099 3200 2168 ipsi
3229 2105 3279 2151 te
3307 2094 3400 2149 de-

1884 2203 2108 2274 cipiunt,
2138 2208 2191 2254 et
2231 2201 2370 2252 viam
2420 2210 2695 2265 gressuum
2733 2202 2945 2247 tuorum
2975 2190 3255 2258 dissipant.
3286 2184 3401 2238 Stat

1887 2292 1951 2345 ad
1998 2290 2343 2358 iudicandum
2396 2285 2671 2348 Dominus,
2712 2290 2763 2337 et
2797 2288 2901 2337 stat
2945 2280 3008 2333 ad
3054 2275 3398 2347 iudicandum

1886 2380 2137 2448 populum
2165 2392 2342 2430 suum.
2382 2374 2635 2427 Dominus
2685 2373 2748 2424 ad
2793 2369 3051 2439 judicium
3079 2366 3253 2419 veniet
3279 2379 3399 2417 cum

1885 2470 2102 2524 senibus
2132 2466 2329 2537 populi,
2359 2476 2412 2518 et
2445 2462 2771 2532 principibus
2813 2458 2929 2526 ejus
2954 2457 2989 2509 ¹.
3034 2475 3051 2507 ι
3080 2454 3194 2508 Non
3218 2453 3401 2505 viden-

1884 2568 1971 2613 tur
1997 2561 2061 2613 de
2079 2557 2312 2612 omnium
2341 2555 2447 2607 Deo
2476 2553 2584 2606 haec
2618 2548 2825 2611 referri,
2859 2566 2876 2596 ι
2914 2545 3063 2600 Nunc
3089 2550 3192 2598 stat
3224 2542 3288 2594 ad
3314 2541 3401 2609 juo

1886 2647 2169 2702 dicandum
2203 2645 2481 2705 Dominus,
2518 2661 2535 2692 ι
2560 2651 2612 2695 et
2644 2638 2957 2709 praesertim,
2996 2655 3014 2687 ι
3050 2634 3304 2687 Dominus
3334 2631 3399 2683 ad

1882 2738 2143 2806 judicium
2171 2735 2345 2789 veniet
2376 2749 2494 2786 cum
2527 2733 2744 2785 senibus
2772 2728 2971 2798 populi,
2994 2734 3045 2779 et
3074 2722 3401 2794 principibus

1885 2830 2021 2898 ejus.
2070 2848 2088 2880 ›
2118 2828 2302 2882 Melius
2323 2825 2387 2879 ad
2415 2824 2503 2878 Dei
2528 2822 2780 2885 Verbum,
2812 2822 3097 2890 ipsumque
3122 2817 3400 2869 Dominum

1886 2928 2153 2980 vocatum,
2192 2918 2302 2972 haec
2334 2921 2538 2985 spectat
2578 2912 2871 2982 pI‘Ophelia.
2909 2908 3112 2961 Etenim
3162 2907 3275 2975 ipse
3317 2917 3403 2954 an-

1887 3011 2157 3063 nuntiatus
2190 3008 2436 3061 omnibus
2458 3021 2573 3074 qua:
2608 3004 2709 3057 sub
2748 3001 2897 3055 cmlis
2927 3006 3051 3054 sunt
3087 2997 3249 3064 judex
3286 3007 3402 3046 om-

1887 3100 2033 3152 nium
2069 3098 2157 3151 Dei
2196 3095 2424 3150 Verbum
2473 3095 2843 3154 constituetur,
2874 3104 3043 3158 neque
3078 3088 3169 3140 ulli
3212 3084 3400 3154 impio-

1889 3203 2005 3241 rum
2066 3187 2425 3240 excusationis
2487 3186 2660 3238 locum
2709 3182 2889 3245 dabit,
2920 3181 3112 3248 quippe
3162 3190 3283 3230 cum
3336 3173 3401 3226 ad

1891 3273 2308 3340 uniuscujusque
2356 3272 2592 3323 auditum
2637 3266 2935 3337 pervenerit
2976 3266 3092 3333 ejus
3137 3262 3399 3317 doctrina.

1894 3364 2074 3417 Veniet
2115 3362 2180 3414 ad
2213 3361 2471 3429 judicium
2521 3358 2676 3411 Jesus
2716 3357 2960 3410 Christus
3007 3368 3127 3407 cum
3184 3351 3402 3406 senibus

1891 3453 2179 3522 praesertim
2209 3451 2385 3519 populi
2411 3456 2463 3504 et
2486 3462 2605 3501 cum
2633 3444 2958 3515 principibus
2984 3443 3122 3508 eius,
3142 3429 3395 3509 "quoniam

1891 3541 1965 3594 illi
2009 3540 2264 3593 adversus
2289 3551 2406 3591 eum
2438 3533 2740 3603 congregati
2784 3540 2925 3594 sunt,
2972 3530 3129 3597 eique
3179 3524 3401 3580 insidias

1892 3636 2218 3685 struxerunt.
2264 3627 2366 3692 Qui
2398 3634 2451 3680 et
2500 3626 2711 3678 beatum
2760 3621 2996 3675 dicentes
3035 3616 3287 3687 populum
3315 3613 3399 3668 cui

1891 3731 2171 3793 praeerant,
2214 3735 2334 3774 eum
2383 3718 2744 3786 decipiebant,
2780 3714 2972 3767 malum
3014 3726 3112 3781 pro
3156 3711 3295 3764 bono
3320 3707 3403 3761 di-

1891 3821 2105 3875 centes,
2156 3810 2486 3879 optimosque
2557 3804 2848 3859 Salvatoris
2903 3801 3072 3856 nostri
3133 3812 3402 3855 sermones

1891 3900 2044 3971 quasi
2072 3899 2333 3969 pessimos
2356 3895 2641 3951 criminati.

2464 4179 2684 4235 CAPUT
2737 4177 2823 4230 1V.

1965 4295 1985 4327 ι
2015 4275 2078 4328 Et
2109 4273 2301 4341 adjecit
2350 4270 2604 4323 Dominus
2654 4268 2794 4336 loqui
2838 4264 2902 4318 ad
2933 4263 3125 4323 Acbaz,
3165 4262 3348 4341 dicens
3385 4280 3400 4315 :

1891 4366 2013 4419 Pete
2041 4363 2135 4416 tibi
2172 4334 2377 4430 signum
2409 4375 2437 4411 a
2472 4358 2694 4411 Domino
2724 4334 2848 4409 iDeo
2872 4363 2964 4409 tuo
2987 4355 3039 4408 in
3086 4334 3403 4421 profundum

1891 4450 2104 4511 inferni,
2138 4450 2250 4503 sive
2295 4449 2349 4501 in
2396 4447 2664 4500 excelsum
2698 4458 2881 4512 supra.
2926 4441 2989 4496 Et
3028 4440 3161 4494 dixit
3189 4439 3401 4492 Achar:

1888 4541 2004 4594 Non
2050 4547 2245 4608 petam,
2286 4546 2333 4592 et
2371 4553 2475 4590 non
2522 4537 2737 4590 teutabo
2786 4532 3086 4587 Dominum.
3126 4530 3187 4582 Et
3226 4530 3356 4581 dixit
3388 4547 3399 4580 :

267 4616 413 4682 οἶκος
443 4618 620 4672 Δαυῖδ·
645 4619 732 4686 Μὴ
763 4620 947 4689 μικρὸν
971 4621 1093 4689 ύμῖν
1117 4624 1293 4689 ἀγῶνα
1318 4628 1566 4698 παρέχειν
1585 4633 1786 4703 ἀνθρώ-

1889 4628 2079 4682 Audite
2111 4644 2263 4696 ergo,
2295 4628 2489 4680 domus
2510 4625 2674 4677 David
2706 4644 2719 4677 :
2750 4622 3012 4690 Numquid
3042 4634 3226 4687 parum
3256 4617 3404 4669 vobis

269 4724 410 4771 ποις,
438 4706 529 4757 καὶ
579 4705 690 4767 πῶς
733 4708 912 4775 Κυρίῳ
944 4709 1200 4777 παρέχετε
1235 4714 1446 4780 ἀγῶνα;
1496 4720 1591 4773 Διά
1636 4722 1789 4775 τοῦτο

267 4795 423 4847 δώσει
452 4792 649 4863 Κύριος
675 4795 828 4856 αὐτὸς
854 4796 977 4863 ὑμῖν
1010 4802 1223 4866 σημεῖον
1241 4818 1253 4830 ·
1296 4801 1439 4866 Ἰδοὺ,
1466 4810 1497 4876 ἡ
1529 4809 1787 4879 παρθένος

268 4885 325 4935 ἐν
354 4884 548 4952 γαστρὶ
579 4881 819 4955 λήψεται,
845 4884 935 4936 καὶ
960 4884 1165 4948 τέξεται
1197 4889 1306 4940 υίόν
1325 4910 1337 4920 ·
1357 4893 1445 4944 καὶ
1470 4895 1707 4960 καλέσεις
1729 4901 1787 4952 τὸ

267 4970 433 5041 ὄνομα
481 4971 638 5022 αὐτοῦ
674 4973 1038 5044 Ἐμμανουήλ·
1082 4974 1329 5045 βούτυρον
1356 4982 1445 5033 καὶ
1476 4984 1591 5051 μέλι
1620 4987 1784 5053 φάγε-

268 5076 371 5122 ται,
396 5061 521 5135 πρὶν
546 5059 578 5127 ἢ
604 5060 796 5126 γνῶναι
820 5061 975 5114 αὑτὸν
1008 5062 1038 5132 ἢ
1067 5065 1370 5133 προελέσθαι
1399 5073 1620 5142 πονηρὰ,
1641 5077 1787 5130 ἐκλέο

269 5146 410 5233 ξεται
441 5146 501 5198 τὺ
523 5146 744 5233 ἀγαθόν’
770 5149 917 5211 διότι,
940 5153 1064 5221 πρὶν
1082 5152 1113 5222 ἦ
1133 5155 1327 5220 γνῶναι
1355 5158 1412 5210 τὸ
1440 5161 1641 5214 παιδίον
1660 5165 1789 5233 ἀγά-

224 5250 227 5251 '
268 5231 357 5320 θὸν
390 5234 421 5302 ἥ
450 5232 635 5296 κακδν,
671 5236 881 5289 ἀπειθεῖ
920 5241 1166 5310 πονηρίᾳ,
1196 5243 1502 5308 ἐκλέξασθαι
1548 5250 1606 5301 τὸ
1653 5231 1785 5320 ἀγα-

269 5319 375 5420 θόν.
396 5344 433 5420 1
457 5325 539 5420 Οἱ.
566 5324 636 5393 μὴ
684 5327 1111 5420 Σιταραδεχόμενοῌι⁸
1139 5331 1250 5383 τῶν
1288 5336 1351 5386 ἐκ
1380 5339 1668 5409 περιτομῆς
1692 5343 1786 5412 τὴν

268 5412 357 5462 τοῦ
396 5412 653 5481 Σωτῆρος
674 5412 826 5481 ήμῶν
868 5414 1033 5483 Ἰησοῦ
1069 5417 1297 5486 Χριστοῦ
1324 5424 1615 5493 παρουσίαν
1645 5425 1789 5495 λεγέ-

271 5514 440 5551 τωσαν
482 5500 565 5561 τίς
611 5501 642 5571 ἠ
692 5502 966 5573 παρθένος,
999 5507 1030 5572 ἡ
1064 5506 1200 5558 κατά
1235 5508 1328 5578 τὴν
1368 5516 1689 5582 προφητείαν
1734 5520 1789 5571 ὲν

339 5650 354 5679 ί
388 5649 488 5704 lsa.
527 5664 607 5713 Ill,
651 5649 829 5706 12-14.
902 5655 920 5684 ²
950 5652 1051 5705 lsa.
1087 5669 1177 5721 vu,
1215 5657 1382 5711 lO-lG.

1883 4728 1984 4781 est,
2022 4719 2275 4771 molestos
2306 4732 2423 4771 esse
2458 4715 2782 4775 hominibus,
2805 4711 2928 4779 quia
2956 4709 3161 4762 molesti
3191 4705 3321 4759 estis
3351 4710 3404 4756 ct

1885 4811 1991 4863 Deo
2024 4809 2182 4861 meo?
2214 4807 2435 4874 Propter
2468 4804 2569 4856 hoc
2609 4802 2754 4855 dabit
2794 4798 3048 4851 Dominus
3096 4797 3207 4863 ipse
3255 4793 3403 4846 vobis

1884 4900 2114 4966 signum.
2152 4896 2289 4948 Ecce
2337 4894 2487 4961 virgo
2526 4890 2810 4959 concipiet,
2839 4896 2891 4942 et
2929 4888 3099 4957 pariet
3129 4884 3311 4947 lilium,
3350 4894 3403 4937 et

1883 4986 2159 5042 vocabitur
2185 4999 2377 5038 nomen
2409 4983 2526 5050 ejus
2550 4981 2878 5035 Emmanuel.
2917 4979 3172 5050 Butyrum
3215 4985 3269 5032 et
3300 4976 3402 5031 mel

1889 5077 2147 5137 comedet,
2174 5083 2230 5128 ut
2262 5074 2396 5130 sciat
2441 5072 2724 5141 reprobare
2752 5071 2968 5135 malum,
2999 5078 3051 5124 et
3084 5069 3279 5136 eligere
3307 5067 3403 5121 bo-

1891 5182 2036 5219 num.
2071 5164 2202 5229 Quia
2234 5172 2513 5229 antequam
2566 5163 2697 5216 sciat
2738 5176 2865 5228 puer
2896 5157 3177 5227 reprobare
3208 5156 3402 5209 malum

1888 5262 1938 5307 et
1970 5255 2163 5322 eligere
2194 5253 2409 5310 bonum,
2446 5267 2548 5302 non
2571 5259 2651 5303 est
2680 5247 2930 5302 obediens
2960 5246 3194 5307 malitiae,
3231 5253 3287 5297 ut
3319 5259 3403 5298 se-

1890 5345 2015 5412 ligat
2043 5345 2239 5396 bonum
2257 5343 2298 5392 ².
2337 5360 2354 5390 ι
2380 5338 2492 5391 Νοιι
2512 5339 2827 5406 accipientes
2850 5334 2941 5403 qui
2962 5351 3027 5389 ex
3049 5332 3407 5387 circumcisio-

1892 5448 1956 5485 ne
1987 5441 2130 5495 sunt,
2165 5426 2459 5481 Salvatoris
2493 5427 2660 5479 nostri
2704 5423 2828 5478 Jesu
2858 5421 3057 5476 Christi
3097 5419 3400 5479 adventurm,

1891 5520 2072 5575 dicant
2105 5532 2343 5588 quaenam
2389 5517 2457 5571 sit
2502 5518 2611 5571 lucc
2646 5515 2813 5583 virgo,
2843 5526 2960 5581 quae
2985 5511 3135 5581 juxta
3175 5506 3401 5579 prophe-
