3952 6396
284 367 422 421 1205

1276 370 1560 426 ECLOGA‘J
1596 371 2066 429 PROPHtTlCIE.
2105 403 2171 414 ——
2217 371 2341 426 LIB.
2385 375 2470 429 ιγ.

3295 386 3316 434 1
3327 382 3428 436 206

277 483 488 535 παιδίον
535 484 712 534 καλεῖν
761 484 962 554 πατέρα
994 484 1025 553 ἢ
1061 484 1284 554 μητέρα,
1319 483 1538 552 λήψεται
1589 485 1806 555 δύναμιν

1915 498 1995 542 aut
2034 499 2277 551 matrem,
2309 489 2535 560 accipiet
2581 499 2897 560 potestatem
2930 492 3188 554 Damasci,
3218 502 3268 546 et
3298 508 3425 561 spo—

273 572 592 643 Δαμασκοῦ,
635 576 725 627 καὶ
763 575 828 628 τὰ
878 574 1044 628 σκῦλα
1077 575 1376 646 Σαμαρείας
1406 577 1634 628 ὲναντίον
1660 575 1808 644 βασι-

272 664 410 726 λέως
452 665 768 734 Ἀσσυρίων.
799 685 816 717 ι
868 667 985 717 Ἐπὶ
1020 668 1084 736 τῇ
1119 665 1210 716 τοῦ
1245 665 1516 734 μέλλοντος
1545 666 1810 718 ἀποτελεῖ-

273 755 399 809 οθαι
457 755 755 826 παραδόξου
805 757 1083 824 ἀναγραφῇ
1127 756 1287 824 τόμον
1345 755 1524 807 καινοῦ
1582 755 1809 824 μεγάλου

271 847 524 916 ἀγράφου
581 846 966 915 προστάσσεται
1011 845 1186 897 λαϐεῖν
1226 847 1254 897 ὁ
1299 845 1607 914 προφήτης·
1637 845 1702 896 δι’
1749 838 1808 895 οὗ

271 933 564 1003 δηλοῦσθαι
604 934 802 1003 νομίζω
829 935 886 985 τὸ
911 936 1005 1003 τῆς
1041 935 1242 1002 Καινῆς
1274 934 1538 1004 Διαθὴκης
1577 935 1812 1002 Εὐαγγέ-

271 1022 383 1074 λιον
402 1039 415 1052 ·
453 1024 589 1076 ἀλλὰ
622 1024 711 1075 καὶ
758 1023 1030 1094 μάρτυρας
1061 1024 1135 1094 τῷ
1167 1025 1349 1095 Κυρίῳ
1376 1024 1693 1093 ποιήσασθαι
1722 1042 1809 1077 πι-

273 1113 433 1175 στοὺς
466 1113 797 1184 ἀνθρώπους,
826 1109 897 1166 ὧν
928 1116 956 1166 ό
987 1117 1080 1185 μὲν
1112 1119 1283 1186 ἱερεὺς
1313 1117 1521 1184 λέγεται
1549 1113 1702 1180 εἶναι,
1723 1118 1810 1170 ὁδ’

270 1201 481 1272 ἕτερος,
529 1201 698 1272 οἶμαι,
731 1206 1001 1274 προφήτης
1042 1201 1136 1275 ἦν·
1172 1207 1434 1277 μέμνηται
1477 1207 1602 1275 γοῦν
1651 1209 1810 1261 αὐτοῦ

270 1292 368 1343 καὶ
401 1294 434 1360 ἡ
462 1292 570 1344 τῶν
612 1292 1083 1364 Παραλειπομένων
1113 1298 1293 1365 γραφή
1313 1312 1328 1326 ⁸
1371 1297 1462 1359 οὓς
1500 1297 1592 1350 καὶ
1619 1298 1812 1361 αὐτοὺς

270 1379 642 1450 ὑπολαμϐάνω
670 1383 729 1434 συ
739 1383 925 1451 μϐολον
951 1379 1084 1436 εἶναι
1110 1386 1215 1436 τῶν
1242 1387 1728 1456 μεμαρτυρηκότων
1745 1391 1810 1456 τῇ

267 1469 365 1521 τοῦ
398 1471 648 1540 Σωτῆρος
679 1473 828 1542 ἡμῶν
871 1473 1039 1542 Ἰησοῦ
1069 1475 1297 1544 Χριστοῦ
1335 1479 1599 1546 παρουσίᾳ
1627 1476 1687 1546 (f.
1721 1477 1810 1545 47)

271 1561 593 1630 προφητῶν,
616 1563 704 1614 καὶ
730 1563 833 1614 τῶν
859 1565 936 1625 εἰς
961 1562 1047 1618 τόν
1078 1563 1235 1616 αὑτοῦ
1271 1563 1437 1617 τύπον
1465 1567 1627 1618 πάλαι
1646 1567 1810 1619 καθε-

272 1648 502 1702 στώτων
548 1652 749 1722 ἱερέων.
786 1653 937 1705 Μετὰ
973 1653 1141 1705 ταῦτα
1192 1653 1429 1722 λέγεται*
1464 1673 1485 1706 ι
1518 1657 1626 1708 Καὶ
1647 1673 1810 1726 προσ-

271 1737 442 1804 ῆλθον
470 1741 603 1808 πρὸς
634 1740 729 1810 τὴν
759 1743 1038 1812 προφῆτιν,
1072 1746 1161 1796 καὶ
1185 1747 1240 1796 ὲν
1267 1748 1460 1815 γαστρὶ
1492 1747 1647 1798 ἔλαϐε
1671 1787 1686 1811 ,
1722 1749 1813 1800 καὶ

273 1827 466 1879 ἔτεκεν
489 1830 620 1892 υίὸν,
647 1851 664 1880 ι
679 1831 847 1883 καὶτὰ
871 1832 1011 1902 ἑξῆς.
1041 1833 1250 1904 Σφόδρα
1272 1835 1327 1886 δὲ
1350 1836 1587 1906 ἀπρεπὲς
1606 1838 1697 1889 καὶ
1720 1838 1814 1907 τῆς
1845 1817 1884 1869 Β

269 1920 618 1988 προφητικῆς
668 1922 981 1991 σεμνότητός
1021 1940 1078 1976 τε
1128 1924 1220 1976 καὶ
1261 1924 1616 1995 καθαρότητος
1659 1926 1812 1978 ἀλλό-

267 2023 421 2077 τριον
465 2009 527 2060 τὸ
561 2011 854 2081 προχείρως
899 2013 1065 2076 οὕτως
1099 2013 1302 2067 οἴεσθαι
1334 2015 1422 2068 τὸν
1459 2017 1737 2086 προφήτην
1759 2018 1815 2069 ὲν

269 2100 423 2170 αὑτῷ
455 2101 534 2169 τῷ
563 2101 921 2173 θεοφορεῖσθαι
972 2104 1080 2158 ἐπὶ’
1107 2105 1389 2177 μαρτύρων
1416 2106 1522 2158 τῶν
1567 2105 1816 2175 προδεδη-

270 2189 535 2260 λωμένων
585 2195 859 2257 κοινωνίας
909 2196 1061 2265 χάριν
1112 2199 1334 2266 αἰσχρᾶς
1379 2194 1814 2266 προσεληλυθέναι

270 2280 495 2344 γυναικὶ
528 2283 807 2352 προφήτιδι
839 2285 931 2335 καὶ
963 2286 1120 2354 αὑτῇο
1166 2287 1288 2338 ποία
1318 2287 1374 2339 δὲ
1403 2287 1501 2338 κᾶν
1532 2287 1816 2356 πιθανότης

271 2368 529 2436 τολμάτω
551 2372 855 2438 προσελθεῖν
876 2375 1032 2426 αὑτὸν
1053 2376 1416 2444 συνειληφέναι
1437 2377 1528 2428 καὶ
1547 2377 1814 2429 τετοκέναι

270 2460 446 2528 αὐτὴν
479 2460 618 2512 υἱόν·
660 2461 788 2514 ἀλλά
823 2464 926 2534 γὰρ
967 2463 1178 2532 ἔχεσθαι
1208 2466 1302 2516 καὶ
1337 2465 1534 2535 ταύτην
1564 2466 1658 2534 τὴν
1687 2483 1816 2535 προ-

273 2549 505 2617 φητείαν
531 2549 764 2620 ἡγοῦμαι
796 2552 886 2604 τοῦ
912 2552 999 2605 νοῦ
1021 2556 1117 2622 τῆς
1157 2552 1585 2624 προεκτεθείσης,
1609 2553 1725 2606 καθ’
1751 2555 1816 2624 ἦν

275 2639 492 2709 ιείρηττο⁸
526 2659 544 2690 ι
597 2641 721 2693 Ἰδοὺ
771 2645 801 2711 ἡ
847 2643 1107 2713 παρθένος
1150 2643 1208 2694 ὲν
1254 2643 1447 2714 γαστρὶ
1500 2642 1752 2711 λήψεται·
1791 2661 1809 2692 ι

273 2731 458 2784 ἐκεῖσε
484 2732 581 2800 μὲν
612 2732 716 2802 γὰρ
737 2734 792 2784 ὲν
816 2735 1006 2804 γαστρὶ
1041 2733 1294 2804 λήψεσθαι
1325 2735 1416 2787 καὶ
1441 2731 1680 2797 τέξεσθαι
1705 2733 1814 2785 υίὸν

273 2821 608 2891 προύλέγετο
653 2823 684 2891 η
733 2824 1025 2893 παρθένος⁸
1073 2824 1298 2877 ἐνταῦθα
1332 2825 1388 2876 δὲ
1434 2825 1524 2877 κα)⁸
1555 2827 1582 2876 ό
1623 2823 1815 2894 τρόπος

273 2909 400 2962 καθ’
426 2911 487 2962 ὃν
515 2911 682 2979 πέρας
709 2912 919 2982 εἴληφεν
952 2914 984 2979 ἡ
1023 2913 1322 2982 προφητεία
1348 2913 1589 2982 δηλοῦται
1612 2929 1625 2943 ο
1668 2931 1685 2963 ι
1729 2913 1814 2964 Ἐν

271 2999 478 3068 γαστρὶ
525 2999 648 3068 γὰρ,
693 3000 869 3068 φησὶν,
917 2999 1090 3062 ἔλαϐε,
1130 3001 1221 3052 καὶ
1290 3000 1468 3051 ἔτεκεν
1499 3001 1631 3052 υἱόν.
1676 3019 1695 3052 ›
1721 2999 1813 3062 Τίς

1907 578 1974 631 lia
2020 577 2272 633 Samaria
2315 593 2492 634 coram
2537 595 2660 649 rege
2705 579 3040 649 Assyriorum
3082 583 3119 633 ¹.
3169 602 3187 630 ι
3220 581 3297 633 Ad
3329 582 3427 633 nii-

1907 671 2102 725 randas
2131 686 2216 726 res
2242 685 2358 739 qua
2389 670 2580 725 futura
2622 678 2774 724 erant
2803 671 3209 725 conscribendas
3237 672 3427 724 librum

1907 772 2099 810 novum
2131 765 2184 812 et
2215 758 2464 826 grandem
2511 772 2720 811 sumere
2757 756 2973 824 jubetur
3016 758 3292 827 propheta,
3323 773 3430 824 quo

1908 846 2190 915 signiﬁcari
2210 847 2398 915 opinor
2424 846 2554 899 Novi
2586 845 2909 900 Testamenti
2933 847 3294 916 Evangelium.
3324 846 3430 899 Sed

1907 943 1960 989 et
1991 943 2154 990 testes
2196 936 2418 990 Domino
2461 944 2518 990 ut
2563 937 2759 990 faceret
2794 935 2972 990 ﬁdeles
3004 938 3264 999 homines,
3291 949 3425 1002 quo-

1908 1041 2024 1078 rum
2057 1028 2266 1096 quidem
2296 1042 2434 1080 unus
2467 1027 2713 1080 sacerdos
2736 1041 2855 1080 esse
2893 1025 3104 1087 dicitur,
3139 1027 3273 1080 alius
3302 1040 3432 1079 vero

1909 1117 2160 1185 propheta
2187 1123 2331 1180 erat;
2379 1114 2617 1167 meminit
2662 1113 2822 1176 igitur
2845 1114 2960 1176 ejus
2989 1119 3041 1165 et
3075 1111 3433 1182 Paralipome—

1908 1219 2014 1258 non
2047 1203 2318 1270 Scriptura
2344 1218 2357 1266 ;
2389 1217 2522 1271 quos
2569 1210 2620 1255 et
2647 1203 2791 1270 ipsos
2837 1202 3081 1269 suspicor
3107 1209 3286 1270 typum
3311 1217 3432 1256 esse

1907 1307 2088 1348 eorum
2120 1293 2208 1360 qui
2251 1288 2539 1344 Salvatoris
2581 1290 2753 1344 nostri
2793 1288 2918 1342 Jesu
2959 1289 3155 1343 Christi
3185 1289 3430 1343 adventui

1909 1392 2071 1438 testes
2095 1381 2219 1436 facti
2265 1390 2390 1436 sunt
2439 1380 2730 1450 prOpheta,
2758 1386 2810 1433 et
2847 1380 2936 1447 qui
2971 1380 3024 1432 in
3057 1379 3174 1446 ejus
3213 1379 3431 1447 ﬁguram

1907 1477 2032 1531 olim
2068 1473 2343 1528 constituti
2383 1482 2507 1526 sunt
2548 1471 2868 1526 sacerdotes.
2903 1468 3032 1522 Post
3063 1469 3172 1522 hac
3197 1469 3430 1522 dicitur:

1915 1588 1933 1619 ι
1969 1567 2033 1620 Et
2064 1566 2266 1620 accessi
2294 1564 2359 1617 ad
2393 1563 2800 1633 prophetissam,
2831 1567 2883 1613 et
2924 1560 2976 1611 in
3024 1568 3177 1612 utero
3209 1557 3431 1625 act-epit.

1908 1668 1961 1714 et
2007 1658 2210 1728 peperit
2255 1656 2438 1718 ﬁlium,
2474 1672 2493 1704 ›
2527 1661 2578 1706 et
2601 1665 2718 1721 qua
2752 1655 3066 1717 sequuntur.
3121 1646 3434 1716 Magnopero

1909 1750 2120 1819 quidem
2161 1747 2434 1815 indignum
2475 1742 2780 1812 prophetica
2821 1739 3075 1808 dignitate
3115 1743 3168 1791 et
3211 1735 3434 1790 sinceri-

1912 1847 2019 1892 tate
2057 1837 2361 1891 existimare
2403 1833 2742 1902 prophetam,
2785 1827 3076 1897 prasertim
3122 1840 3243 1879 cum
3295 1825 3435 1878 inter

1913 1927 2192 1997 pradictos
2233 1931 2397 1978 testes
2442 1921 2696 1975 divinitus
2734 1917 3044 1985 inspiratur,
3065 1915 3236 1981 turpis
3272 1927 3434 1966 causa

1912 2017 2167 2072 consortii
2194 2017 2260 2068 ad
2282 2015 2576 2074 mulierem,
2601 2010 2988 2079 prophetissam
3018 2005 3141 2059 licet
3161 2003 3431 2057 accedere.

1910 2105 2158 2175 Nunquid
2205 2102 2489 2158 verisimile
2529 2109 2642 2154 erat
2676 2113 2794 2152 eum
2838 2096 3150 2158 accessisse,
3201 2102 3256 2146 et
3292 2091 3434 2144 illam

1912 2197 2224 2266 concepisse
2243 2203 2296 2248 et
2317 2192 2586 2262 peperisse
2601 2188 2801 2242 tilium?
2819 2185 2983 2240 Nobis
3001 2185 3138 2239 enim
3159 2183 3297 2236 idem
3317 2196 3436 2235 esse

1911 2287 2116 2341 videtur
2142 2300 2330 2340 sensus
2347 2283 2525 2350 hujus,
2557 2295 2618 2333 ac
2633 2278 2825 2348 prioris
2845 2275 3149 2345 praphetia,
3171 2288 3274 2341 qua
3304 2272 3436 2324 dici-

1913 2384 2042 2430 tur:
2076 2393 2093 2424 ι
2132 2374 2267 2427 Ecce
2311 2374 2460 2440 virgo
2505 2372 2560 2423 in
2606 2376 2756 2422 utero
2803 2365 3068 2434 accipiet:
3108 2381 3126 2413 ι
3159 2363 3267 2416 illic
3295 2364 3434 2416 enim

1911 2469 1967 2522 in
2001 2474 2150 2520 utero
2179 2469 2514 2531 accepturam
2545 2469 2598 2514 et
2633 2458 2796 2511 illium
2837 2455 3126 2524 parituram
3167 2466 3286 2506 esse
3331 2451 3438 2503 vir-

1913 2557 2085 2627 ginem
2126 2551 2436 2623 pradictum
2468 2556 2613 2614 erat;
2659 2561 2802 2600 nunc
2845 2545 2932 2599 hic
2974 2545 3106 2597 ratio
3142 2539 3438 2596 ostenditur

1911 2658 2014 2713 qua
2039 2647 2228 2696 eventu
2256 2639 2475 2708 probata
2508 2643 2588 2690 est
2617 2634 2912 2704 pr0pbetia.
2951 2651 2968 2683 ι
3008 2632 3064 2685 ln
3091 2639 3242 2685 utero
3272 2629 3436 2689 enim,

1913 2734 2004 2796 ait,
2055 2731 2258 2800 accepit
2288 2738 2342 2783 et
2390 2726 2592 2796 peperit
2639 2724 2822 2777 lilium.
2861 2741 2881 2774 ι
2908 2720 3039 2787 Quis
3086 2721 3246 2790 igitur
3292 2733 3436 2774 esset

1911 2823 2096 2877 dicens
2123 2839 2138 2874 :
2177 2838 2194 2870 ι
2233 2819 2445 2872 Accessi
2477 2817 2541 2870 ad
2576 2815 2983 2886 prophetissam,
3017 2832 3036 2864 ι
3070 2811 3174 2865 nisi
3207 2808 3436 2878 Spiritus

1912 2923 2150 2977 sanctus,
2179 2925 2210 2964 a
2250 2923 2358 2980 quo
2405 2908 2609 2962 amatus
2629 2905 2886 2977 propheta
2930 2902 3232 2965 divinabat,
3279 2907 3331 2953 et
3374 2895 3439 2950 de

1910 3019 2018 3074 quo
2047 3004 2247 3057 dictum
2271 3010 2350 3056 est
2379 2999 2553 3052 Maria
2581 3017 2594 3050 :
2633 3015 2650 3046 ι
2682 2996 2914 3065 Spiritus
2945 2999 3164 3049 sanctus
3189 3000 3441 3057 superve-

274 3085 343 3140 ἂν
373 3083 468 3138 οὖν
497 3086 578 3154 εἴη
608 3088 635 3138 ὁ
672 3087 888 3152 φάσκων
916 3088 994 3150 τὸ,
1028 3107 1044 3137 ι
1082 3087 1384 3158 Προσῆλθον
1409 3089 1541 3158 πρὸς
1568 3088 1661 3158 τὴν
1689 3106 1815 3159 προ-

1915 3096 2022 3148 niet
2057 3094 2113 3146 in
2160 3099 2239 3153 te,
2274 3101 2327 3142 et
2356 3089 2524 3142 virtus
2563 3085 2823 3140 Altissimi
2860 3080 3196 3138 obumbrabit
3221 3076 3318 3131 tibi
3343 3078 3384 3126 ⁸.
3417 3093 3434 3124 ι

277 3177 466 3243 φῆτιν,
501 3193 519 3224 ι
553 3174 584 3243 ἢ
615 3174 673 3225 τὸ
698 3174 912 3243 Πνεῦμα
939 3176 997 3226 τὸ
1035 3175 1180 3241 ἀγιον
1202 3176 1260 3227 τὸ
1297 3174 1483 3227 λαλοῦν
1511 3177 1567 3226 ὲν
1588 3175 1664 3244 τῷ
1693 3193 1817 3246 προ-

1915 3183 2142 3252 Ideoque
2179 3179 2514 3250 prophetissa
2550 3190 2657 3230 non
2702 3175 2966 3229 immerito
3000 3171 3266 3226 diceretur
3303 3165 3440 3236 ipsa.

279 3264 454 3335 φὴτῃ,
488 3262 610 3330 περὶ
635 3255 694 3312 οὗ
740 3261 978 3314 λέλεκται
1011 3265 1075 3330 τῇ
1105 3262 1312 3332 Μαρίᾳο
1350 3281 1368 3312 ι
1410 3262 1630 3332 Πνεῦμα
1671 3263 1818 3331 ἆγιον

1916 3288 2033 3342 qua
2069 3287 2100 3325 a
2141 3277 2326 3325 sancto
2368 3268 2571 3337 Spiritu
2598 3265 2923 3333 concipiens,
2962 3260 3166 3331 peperit
3199 3272 3319 3312 eum
3353 3257 3444 3325 qui

279 3350 630 3406 ἐπελεύσεται
655 3352 744 3402 ἐπὶ
778 3351 852 3412 σὲ,
882 3351 968 3403 καὶ
994 3351 1211 3420 δύναμις
1247 3351 1490 3418 Ὑψίστου
1523 3353 1818 3406 ἐπισκιάσει

1919 3361 2025 3413 illic
2048 3365 2268 3413 vocatur
2308 3355 2638 3418 Emmanuel,
2669 3354 2756 3406 hic
2785 3364 2912 3404 vero
2941 3350 3092 3401 aliter
3120 3345 3442 3401 nominatur.

282 3457 390 3494 σοι.
434 3459 452 3491 ›
490 3441 577 3491 Διὸ
610 3441 699 3492 καὶ
740 3442 999 3510 προφῆτις
1033 3441 1131 3492 οὐκ
1163 3440 1454 3502 ἀπεικότως
1478 3441 1568 3498 καὶ
1600 3441 1732 3511 αὑτὴ
1757 3440 1818 3493 ἂν

1923 3466 1941 3499 ι
1980 3445 2124 3503 Voca
2149 3447 2310 3508 enim,
2335 3445 2428 3510 ait,
2456 3457 2646 3499 nomen
2688 3440 2837 3508 ejus,
2872 3436 3123 3490 Accelera
3155 3431 3324 3500 spolia
3353 3427 3444 3481 de-

280 3532 502 3602 λεχθείη
522 3545 535 3559 ο
568 3530 671 3582 ἀπὸ
702 3529 828 3597 γοῦν
857 3529 948 3581 τοῦ
985 3531 1134 3596 ἁγίου
1168 3529 1472 3598 Πνεῦματος
1498 3529 1818 3582 συλλαϐοῦσα

1920 3539 2150 3602 trahere,
2184 3537 2293 3591 cito
2329 3534 2584 3605 pradare.
2632 3550 2654 3589 ιΔ
2681 3526 2825 3599 Vei‘e
2872 3525 3014 3579 enim
3063 3521 3150 3574 ille
3201 3516 3447 3588 spoliavit

281 3622 476 3674 τέτοκε
518 3620 606 3671 τὸν
647 3622 819 3672 ἐκεῖσε
864 3620 960 3689 μὲν
1005 3620 1418 3689 ἐπικεκλημένοι]
1459 3620 1818 3692 Ἐμμανουὴλ,

1921 3640 1973 3684 et
2002 3630 2266 3700 pradatus
2296 3633 2379 3681 est
2412 3621 2636 3695 mystica
2665 3617 2921 3688 etqdivina
2941 3613 3135 3665 virtute
3172 3608 3443 3700 adversas,

281 3707 519 3762 ενταῦθα
539 3707 592 3759 δὲ
608 3707 774 3771 ἄλλως
800 3709 1322 3779 προσαγορευόμενον
1337 3725 1349 3737 ·
1374 3728 1391 3760 ι
1414 3709 1650 3764 Κάλεσον
1699 3713 1818 3786 γὰρ,

1924 3694 2216 3773 invisibiles
2242 3694 2650 3784 spiritualesque
2686 3711 2993 3776 potestates,
3024 3699 3097 3751 ita
3125 3703 3184 3786 ut
3206 3694 3405 3786 diceret
3429 3709 3440 3742 :

284 3798 446 3870 φησὶ,
501 3798 560 3849 τὸ
621 3797 784 3867 ὄνομα
809 3799 898 3850 τοῦ
942 3798 1321 3867 ἀποτεχθέντος
1349 3797 1576 3863 παιδίου,
1610 3782 1818 3870 Ταχέως

1930 3831 1948 3862 ι
1985 3809 2093 3878 Ego
2131 3807 2231 3860 vici
2261 3782 2516 3868 mundum
2547 3799 2587 3851 ³.
2627 3817 2646 3849 ι
2671 3796 2716 3850 Α
2748 3795 2941 3864 quibus
2987 3785 3139 3858 quasi
3187 3782 3355 3852 spolia
3374 3789 3447 3878 ἐι

286 3865 606 3951 σκῦλευσον,
648 3865 809 3952 ὀξέως
842 3865 1229 3959 προνόμευσον·
1273 3907 1292 3940 ι
1328 3889 1422 3942 καὶ
1459 3892 1564 3963 γὰρ
1591 3892 1664 3954 ὡς
1692 3865 1818 3965 idin.

1925 3865 2155 3969 praedam
2185 3895 2387 3946 animas
2414 3885 2729 3959 jampridem
2774 3881 2841 3935 ab
2885 3879 2951 3953 iis
2989 3886 3268 3944 oppressas
3301 3865 3448 3969 aufe-

285 3977 404 4040 θῶς
452 3976 766 4030 ἐσκύλευσεν
793 3973 942 4040 οὗτος
985 3981 1076 4032 καὶ
1119 3979 1505 4051 προενόμευσεν
1537 3959 1818 4055 ⁷ἀπορρήτιξ

1926 3959 2068 4052 rens,
2104 4005 2126 4039 ι
2158 3983 2446 4054 praedicare
2470 3976 2692 4047 captivis
2734 3969 3102 4034 remissionem
3124 3964 3146 3995 ⁵
3180 3982 3198 4014 ι
3231 3959 3448 4015 conﬁte-

287 4069 390 4122 καὶ
416 4068 532 4139 θείᾳ
549 4069 766 4139 δυνάμει
781 4071 877 4133 τὰς
899 4071 1266 4141 ἀντικειμένας
1287 4050 1541 4144 ἀοράτους
1570 4050 1663 4127 καῖ

1929 4090 2032 4144 tur,
2057 4050 2324 4145 accipiens
2352 4087 2381 4124 a
2404 4070 2560 4146 Patre
2589 4086 2608 4119 ‹
2635 4071 2818 4136 gentes
2846 4058 3200 4130 hareditatem
3223 4052 3338 4120 ejus
3359 4050 3400 4113 ³,
3427 4067 3445 4097 δ

294 4159 530 4229 ματικὰς
552 4159 816 4230 δυνάμεις,
847 4160 982 4214 ὥστε
1007 4163 1198 4228 εἰπεῖν,
1239 4183 1254 4214 ι
1305 4163 1441 4232 Ἐγὼ
1468 4165 1721 4233 νενίκηκα
1743 4166 1818 4233 rei

1928 4141 2044 4240 qua
2083 4141 2252 4235 spolia
2297 4143 2451 4214 facile
2489 4157 2595 4212 dici
2627 4159 2878 4224 possent;
2912 4166 2933 4200 ι
2967 4155 3019 4201 et
3060 4141 3450 4213 possessionem

289 4249 530 4317 κόσμον
570 4268 588 4300 ι
617 4251 703 4317 ἀφ’
734 4245 804 4303 ὧν
843 4251 1008 4305 σκῦλα
1048 4254 1139 4306 καὶ
1171 4255 1442 4325 προνομὴν
1472 4254 1702 4324 εἰληφὼς
1736 4256 1818 4325 τάς

1929 4235 2044 4328 ejus
2097 4255 2352 4310 terminos
2409 4257 2558 4303 terra
2589 4247 2631 4310 ⁸,
2676 4263 2694 4296 ι
2731 4240 2873 4312 quod
2935 4237 3122 4291 merito
3173 4235 3454 4286 vocaretur

296 4339 475 4392 πάλαι
500 4343 1056 4411 κατατυραννουμένας
1080 4346 1167 4398 ὑπ’
1207 4345 1380 4397 αὐτῶν
1401 4344 1592 4416 ψυχὰς,
1611 4335 1818 4417 κηρῦξαι

1930 4347 2414 4419 prada.Praterea,
2437 4358 2454 4390 ι
2484 4337 2801 4404 Priusquam
2830 4329 2962 4385 sciat
2981 4341 3111 4403 puer
3136 4335 3330 4377 vocare
3358 4331 3453 4388 pa-

292 4425 662 4499 αίχμαλὼτοις
686 4429 868 4496 ἄφεσιν
906 4450 922 4480 ι
952 4433 1213 4501 ὁμολογεῖ,
1241 4411 1586 4502 λαϐὼννπάρὰ
1607 4411 1697 4486 τοῦ

1931 4411 2060 4493 irem
2085 4443 2137 4491 et
2163 4419 2406 4491 matrem,
2432 4427 2675 4496 accipiet,
2710 4423 2802 4485 ait,
2836 4425 3149 4490 potestatem
3189 4411 3451 4502 Damasci,

292 4497 430 4588 τρδς
469 4535 486 4564 ο
523 4515 646 4586 ἔθνη
674 4517 767 4586 τὴν
813 4497 1160 4590 κληρονομίαν
1203 4525 1388 4577 αὐτοῦ·
1428 4545 1445 4576 ι
1470 4497 1730 4592 ἆ-λέγοιιιΐ
1765 4525 1818 4578 ἂι

1929 4537 1980 4582 et
2006 4526 2171 4594 spolia
2203 4520 2455 4576 Samaria
2498 4528 2676 4570 coram
2715 4525 2838 4580 rege
2869 4505 3232 4594 Assyriorum.
3273 4519 3290 4549 ι
3329 4497 3456 4594 Qua

297 4586 538 4669 εῦκόλως
559 4607 742 4661 σκῦλον
767 4626 784 4659 ι
808 4586 1013 4679 καὶντὴν
1028 4586 1342 4686 κατάσχεσιν
1361 4615 1518 4669 αὐτοῦ
1533 4586 1818 4685 τὰνπέρατα

1930 4586 2140 4684 quidem
2169 4620 2221 4666 ct
2249 4611 2362 4680 ipsa
2392 4621 2496 4661 uno
2525 4618 2706 4665 sensu,
2729 4602 2840 4655 sive
2869 4597 2934 4650 de
2961 4586 3455 4686 potestatibusqui-

296 4700 403 4769 τῆς
425 4699 550 4766 γῆς,
577 4718 594 4748 ι
615 4696 649 4750 ἃ
677 4699 768 4752 καὶ
797 4699 931 4752 αὐτὰ
949 4701 1163 4763 εἰκότως
1193 4704 1256 4756 ἂν
1297 4690 1503 4758 καλοῖτο
1537 4714 1824 4776 προνομήν.

298 4789 447 4858 Πρὸς
495 4787 719 4850 τούτοις,
761 4807 778 4839 ι
831 4790 962 4861 Πρὶν
1057 4791 1259 4860 γνῶναι
1307 4795 1366 4846 τὸ
1391 4798 1594 4850 παιδίον
1645 4797 1826 4850 καλεῖν

302 4879 520 4948 πατέρα
555 4878 588 4948 ἢ
636 4879 858 4949 μητέρα,
896 4879 1136 4950 λήψεται,
1172 4883 1321 4951 φησὶ,
1357 4871 1605 4954 ¹δύναμιν
1659 4888 1832 4955 Δαμα·

304 4967 436 5022 σκοῦ
489 4969 580 5020 καὶ
611 4967 678 5020 τὰ
705 4968 879 5048 σκῦλα.
899 4971 1200 5042 Σαμαρείας
1229 4972 1400 5025 ἔναντι
1430 4973 1680 5042 βασιλέως
1715 4979 1832 5029 Ἀσε-

304 5059 532 5129 συρίων·
575 5076 593 5110 ι
625 5059 760 5130 ἅπερ
793 5061 882 5112 καὶ
912 5062 1046 5114 αὐτὰ
1072 5063 1209 5123 κατὰ
1257 5063 1419 5132 μόνην
1447 5064 1691 5129 διάνοιαν,
1719 5069 1833 5137 ἤτοι

303 5151 440 5219 περι
479 5148 750 5228 δυνάμεων
791 5152 1239 5225 τινωνζπονηρῶν,
1283 5141 1436 5223 ὀἶμαι
1465 5153 1727 5221 λέγεσθαι.
1769 5158 1834 5220 ἃς

305 5240 420 5308 ἅμα
445 5242 510 5312 τῇ
557 5241 760 5306 γενέσει
791 5241 1029 5294 καθεῖλεν
1058 5230 1238 5313 η’θεία
1277 5243 1368 5295 τοῦ
1401 5245 1641 5314 Σωτῆρος
1681 5246 1832 5315 ἡμῶν

301 5323 548 5400 δύναμις,
575 5332 606 5399 ἢ
633 5333 724 5383 καὶ
755 5335 877 5402 περὶ
907 5335 1086 5404 ψυχῶν
1117 5337 1222 5398 τῷν
1251 5338 1330 5407 είς
1367 5337 1524 5388 αὑτὸν
1548 5325 1826 5408 πεπιστευ-

306 5419 476 5472 κότων
505 5419 783 5490 διαφορᾶς·
813 5415 884 5475 ὧν
904 5425 997 5487 τὰς
1020 5427 1113 5495 μὲν
1144 5428 1200 5490 ἐξ
1226 5426 1650 5495 εἰδωλολατρείας
1678 5446 1834 5498 μετα-

305 5510 572 5572 ϐαλούσας
613 5513 701 5562 ἐπὶ
734 5513 820 5564 τὸν
864 5515 1199 5582 εὐαγγελικὸν
1233 5515 1346 5584 βίον
1401 5515 1540 5578 εἰκὸς
1577 5512 1709 5568 εἶναι
1740 5517 1834 5587 τὴν

1931 4676 2154 4759 busdam
2209 4676 2455 4762 nefariis,
2510 4708 2644 4765 quas
2696 4704 2799 4742 una
2839 4694 2958 4738 ortu
2999 4679 3227 4736 sustulit
3277 4676 3456 4728 divina

1927 4792 2218 4847 Salvatoris
2243 4788 2413 4842 nostri
2440 4785 2630 4843 virtus,
2675 4780 2785 4834 sive
2823 4775 2890 4828 de
2927 4772 3221 4824 animarum
3260 4765 3454 4818 discri-

1927 4884 2070 4937 mine
2109 4883 2163 4934 in
2209 4892 2330 4933 eum
2377 4871 2756 4929 credentium:
2792 4878 3017 4934 quarum
3061 4858 3196 4910 alias
3242 4854 3455 4924 quidem

1927 4990 1993 5028 ex
2020 4967 2318 5024 idololatria
2357 4964 2424 5017 ad
2462 4959 2816 5029 evangelicam
2849 4953 3012 5006 vitam
3053 4957 3340 5002 conversas
3367 4942 3454 4995 hic

1927 5067 2242 5134 potestatem
2283 5052 2524 5108 Damasci
2553 5063 2670 5103 esse
2710 5059 2862 5108 reor;
2908 5042 3038 5094 alias
3079 5052 3225 5134 vero,
3253 5034 3459 5088 scilicet

1929 5126 1959 5207 ξ
1993 5129 2398 5205 circumcisione
2425 5141 2622 5214 populi,
2655 5151 2774 5191 cum
2815 5134 3085 5188 Christum
3116 5126 3208 5180 Dei
3234 5138 3454 5190 accepe-

1930 5242 2059 5302 rint,
2089 5238 2255 5307 spolia
2289 5233 2540 5288 Samaria
2563 5226 2759 5282 vocari.
2794 5222 2902 5276 Has
2938 5234 3066 5274 vero
3094 5217 3298 5272 animas
3329 5226 3457 5284 spo-

1929 5333 1998 5384 lia
2022 5337 2076 5386 et
2107 5305 2332 5400 pradam
2360 5324 2426 5377 de
2465 5319 2790 5391 spiritalibus
2821 5312 3054 5400 capiens,
3075 5305 3337 5400 hostibus,
3368 5317 3460 5400 co-

1931 5433 2043 5471 ram
2097 5393 2319 5488 spiritali
2373 5427 2497 5480 rege
2541 5405 2919 5476 Assyriorum,
2967 5399 3169 5455 scilicet
3218 5393 3460 5490 diabolo,

1932 5522 2076 5562 arma
2105 5487 2243 5573 cepit
2283 5513 2336 5556 et
2364 5501 2430 5554 ad
2472 5510 2698 5567 pugnam
2741 5499 2928 5546 contra
2959 5503 3078 5542 eum
3114 5499 3170 5538 se
3210 5487 3463 5534 accinxit.

400 5688 413 5715 ί
455 5683 552 5738 lsa.
581 5700 694 5748 uti,
744 5687 859 5742 i4.
945 5691 962 5720 ³
993 5687 1119 5743 Luc.
1173 5704 1208 5752 ι,
1237 5687 1328 5740 55.
1406 5688 1425 5719 ³
1453 5685 1726 5757 Joan.xw,
1749 5691 1834 5744 35.
1910 5687 2079 5741 ‘Luc.
2113 5704 2181 5750 iv,
2215 5684 2297 5738 l8.
2372 5683 2390 5712 '
2421 5680 2557 5734 Psal.
2588 5693 2643 5729 ιι.
2671 5675 2720 5728 8.
2796 5671 2814 5701 ‘
2849 5669 2980 5726 ibid.
