3952 6396
196 384 342 438 I203
1211 389 1494 445 ECLOGA}
1528 387 1998 443 PROPHETICIE.
2024 418 2090 428 -—
2124 386 2249 441 LIB.
2285 386 2372 442 ιν.
3229 388 3362 443 1210

192 501 263 564 κ
300 501 669 568 χρηματίζει*
721 501 857 554 κατά
903 502 957 553 δὲ
993 502 1081 554 τὸν
1122 502 1342 554 Ἀκύλαν
1390 503 1481 556 καὶ
1523 500 1650 553 αὐτὸ
1686 500 1735 552 τὲ

1847 516 1966 554 men
2011 500 2127 567 ejus
2163 509 2246 554 est
2273 518 2290 550 ι
2322 498 2661 554 Admirabilis
2706 500 3077 563 consiliarius,
3117 499 3266 555 fortis
3309 510 3363 554 et

191 590 261 654 Χ
312 589 608 658 Ἐϐραῖκὸν
634 592 692 642 τὸ
715 592 877 661 ὄνομα
902 591 1058 643 αὑτοῦ
1086 593 1198 643 ἐστι
1236 609 1253 641 ι
1286 590 1595 659 Θαυμαστὸς
1614 590 1735 660 σύμ·

1845 596 2034 657 potens
2058 598 2227 660 pater,
2255 589 2416 643 etiam
2443 589 2689 657 princeps
2715 590 2894 658 pacis;
2916 609 2933 639 ι
2955 598 3008 643 et
3031 590 3181 656 juxta
3210 588 3364 659 Sym-

194 677 261 744 κ
296 675 521 740 ϐουλος,
564 678 775 746 ἰσχυρὸς
793 717 806 738 ,
834 679 1047 738 δυνατὸς
1076 677 1271 747 πατὴρ,
1296 677 1372 728 ἔτι
1392 678 1567 745 ἄρχων
1599 677 1735 745 είρή-

1844 678 2089 731 maclmm
2112 697 2124 731 :
2147 696 2165 727 ι
2186 677 2472 733 Vocabitur
2493 694 2683 731 nomen
2706 680 2910 745 pueruli
2931 680 3358 742 Admirabilitas,

198 766 263 831 κ
299 784 408 834 νης
430 784 443 795 ·
488 786 505 817 ι
541 768 632 818 καὶ
664 767 800 818 κατά
830 768 915 818 τὸν
948 769 1228 836 Σύμμαχον
1247 767 1323 829 δὲ,
1361 786 1377 816 ι
1414 766 1735 836 Κληθήσεται

1843 768 2213 833 consiliarius,
2240 768 2393 823 fortis
2412 806 2427 831 ,
2457 777 2677 838 potens,
2704 779 2850 835 pater
2876 769 3052 822 szecui’i
3074 808 3088 830 ,
3118 771 3361 837 princeps

192 856 255 906 τὺ
310 856 492 924 δνομα
539 856 630 908 τοῦ
684 855 887 908 παιδίου
922 855 1349 925 Παραδοξασμὸς,
1383 855 1735 924 βουλευτικὸς,

1842 857 2007 926 pacis.
2041 876 2060 908 ι
2081 855 2369 911 Petcndum
2401 865 2482 910 est
2509 857 2673 925 igitur
2695 872 2723 907 a
2749 854 2944 911 ,Ιιιιίιιείε
2970 873 3255 929 quemnam
3276 858 3364 909 lia-

189 945 452 1013 ἔσχυρὸς,
491 945 727 1006 δυνατὸς,
768 944 941 1013 πατὴρ
988 945 1194 1005 αἰῶνος,
1238 944 1416 1013 ἄρχων
1447 946 1680 1015 εἰρήνης.
1721 964 1735 996 ι

1841 945 2038 1009 beant,
2069 946 2153 997 cui
2186 946 2296 998 bare
2325 945 2566 1012 adoptari
2602 945 2839 1012 possint,
2872 949 3150 1012 puerulum
3188 955 3364 1001 osten-

199 1036 574 1104 Ἀπαιτητέον
631 1038 807 1088 τοίνυν
863 1038 982 1097 τοὺς
1030 1039 1092 1088 ἐκ
1143 1037 1431 1108 περιτομῆς
1485 1040 1629 1088 ποῖον
1679 1036 1735 1089 ἂν

1842 1035 1987 1089 dere.
2037 1034 2244 1100 Etenim
2283 1036 2438 1103 juxta
2476 1049 2573 1087 nos
2615 1032 2810 1087 indicia
2854 1044 2979 1088 sunt
3023 1036 3135 1103 ipsa
3167 1036 3363 1088 divina:

187 1124 425 1195 ἔχοι(εν)
463 1126 667 1178 παιδίον
778 1126 844 1178 τὰ
874 1126 1160 1195 τηλικαῦτα
1213 1126 1565 1196 ὲφαρμόσαιεν
1610 1143 1735 1199 παρ-

1841 1123 2041 1178 Christi
2085 1125 2399 1193 potestatis,
2440 1124 2493 1176 in
2531 1139 2688 1192 quem
2723 1125 2813 1192 qui
2858 1140 2963 1178 non
3006 1125 3359 1191 crediderint,

189 1216 453 1266 ιστάνα.ι⁸
502 1214 619 1267 καθ’
650 1217 790 1286 ἡμᾶς
822 1216 926 1285 γὰρ
952 1215 1176 1267 ἐπίνοιαί
1208 1217 1340 1266 είσιν
1374 1208 1528 1267 αὗται
1566 1214 1627 1284 (f.
1653 1214 1735 1284 48]

1841 1214 2022 1267 volent
2040 1252 2055 1275 ,
2082 1213 2126 1267 si
2153 1212 2350 1266 fuerint
2379 1213 2499 1281 igne
2522 1214 2782 1267 combusti
2808 1215 2983 1281 potius
3007 1229 3164 1282 quam
3190 1231 3365 1283 repro-

184 1302 293 1370 τῆς
321 1303 484 1365 θείας
500 1304 592 1355 τοῦ
617 1304 842 1373 Χριστοῦ
868 1304 1159 1371 δυνάμεως,
1182 1306 1259 1365 είς
1280 1303 1336 1359 ὃν
1363 1306 1409 1355 οἱ
1438 1304 1509 1373 μὴ
1533 1304 1735 1356 πιστεύ-

1842 1304 2108 1357 bationem
2157 1318 2305 1357 suam
2339 1303 2519 1357 videre
2544 1314 2596 1356 et
2625 1303 2856 1371 gentium
2904 1305 3160 1367 salutem,
3204 1321 3359 1373 quam

185 1409 395 1454 σαντες
438 1393 745 1461 θελήσουσιν
778 1394 825 1444 εί
868 1392 1191 1461 ἐγενήθησαν
1233 1392 1579 1462 πυρίκαυστοι
1615 1391 1735 1460 μᾶλ-

1843 1393 1991 1446 zelus
2037 1391 2247 1446 Domini
2294 1391 2527 1447 Sabaoth
2574 1394 2814 1446 facturus
2860 1408 2978 1446 esse
3021 1392 3236 1447 dicitur.
3285 1394 3363 1446 Ad

183 1480 279 1533 λον
311 1481 350 1551 ἦ
389 1482 478 1533 ὅτι
530 1482 626 1551 τὴν
678 1480 879 1533 ἑαυτῶν
927 1480 1189 1549 ἀποϐολὴν
1224 1480 1347 1531 ίδεῑν
1385 1481 1475 1532 καὶ
1513 1481 1608 1549 τὴν
1639 1481 1735 1532 τῶν

1844 1483 1983 1551 quod
2021 1491 2265 1551 spectant
2311 1483 2423 1535 lucc
2462 1482 2602 1552 apud
2644 1482 2954 1553 Moysemu
2986 1483 3087 1551 Ipsi
3129 1499 3211 1537 me
3249 1499 3365 1552 pro-

184 1565 370 1618 ἑθνῶν
400 1568 693 1635 σωτηρίαν,
721 1568 785 1635 ἢν
813 1570 841 1619 ὁ
868 1566 1018 1636 ζῆλος
1049 1567 1245 1636 Κυρίου
1269 1566 1483 1620 Σαϐαὼθ
1508 1568 1735 1636 ποιήσειν

1841 1577 2172 1625 vocaverunt
2203 1571 2256 1623 in
2282 1569 2445 1637 idolis
2475 1573 2617 1631 suis,
2649 1578 2699 1622 et
2724 1585 2823 1638 ego
2851 1572 3153 1638 provocabo
3185 1587 3278 1627 eos
3307 1574 3360 1627 in

181 1656 443 1726 εἴρηται’
469 1651 515 1724 ᾧ
532 1658 854 1727 παραθήσεις
878 1659 936 1709 τὸ
956 1657 1100 1728 παρὰ
1127 1659 1344 1712 Μωῦσεῖ
1364 1657 1502 1710 οὕτω
1523 1675 1635 1720 πως
1656 1658 1735 1709 λε‹

1840 1673 1905 1712 eo
1935 1659 2026 1727 qui
2058 1673 2164 1711 non
2198 1665 2282 1711 est
2312 1659 2567 1726 populus,
2597 1666 2649 1711 et
2679 1659 2730 1712 in
2759 1668 2915 1728 gente
2945 1660 3106 1712 stulta
3143 1661 3362 1715 irritabe

181 1744 499 1814 λεγμένον·
532 1766 549 1797 ι
577 1748 733 1799 Λύτοὶ
779 1747 1153 1815 παρεζήλωσάν
1195 1764 1260 1815 με
1285 1747 1340 1797 ἐν
1372 1749 1478 1808 τοῖς
1515 1746 1735 1808 εἰδώλοις

1840 1762 1933 1802 eos
1964 1747 2003 1799 ¹.
2033 1767 2052 1798 ι
2079 1746 2274 1800 Verum
2306 1763 2403 1802 nec
2435 1748 2712 1815 praesentis
2740 1748 3013 1815 temporis,
3038 1764 3137 1801 nec
3182 1764 3362 1819 propo-

181 1836 406 1899 αὐτῶν,
462 1837 613 1904 κάγὼ
658 1837 1023 1907 παραζηλώσω
1070 1837 1259 1898 αὐτοὺς
1303 1838 1385 1889 ἐπ’
1426 1836 1522 1888 οὐκ
1570 1835 1735 1887 ἔθνει·

1843 1837 1933 1890 siti
1986 1844 2070 1891 est
2108 1837 2319 1905 singula
2366 1837 2655 1905 prepbetize
2696 1838 2856 1890 verba
2902 1838 3211 1905 elueidare;
3264 1856 3362 1895 nec

184 1928 279 1978 ἐπ’
312 1926 467 1979 ἔθνει
501 1927 733 1994 ἀσυνέτῳ
755 1926 1026 1997 παροργιῶ
1055 1926 1261 1988 αὐτούς.
1292 1946 1311 1977 ι
1355 1926 1507 1977 Ἀλλά
1547 1925 1651 1996 γὰρ
1681 1926 1735 1978 οὐ

1844 1924 2115 1993 quomodo
2145 1926 2379 1986 dicatur,
2406 1943 2423 1974 ι
2450 1940 2608 1993 super
2641 1926 2831 1979 solium
2865 1925 3028 1977 David
3058 1935 3110 1979 et
3140 1943 3358 1994 regnum

186 2016 285 2069 τοῦ
321 2017 597 2085 παρόντος
627 2016 836 2087 καιροῦ,
858 2017 973 2068 οὐδὲ
1003 2017 1104 2086 μὴν
1124 2015 1216 2068 τοῦ
1238 2015 1356 2067 καθ’
1382 2017 1523 2084 ἡμᾶς
1548 2017 1735 2085 τυγχά-

1839 2014 1957 2081 ejus
2000 2024 2058 2067 ut
2100 2014 2294 2084 dirigat
2340 2014 2490 2067 illud.
2526 2034 2543 2064 ›
2571 2014 2683 2067 lloc
2721 2016 2937 2083 quidem
2962 2015 3174 2070 Judteos
3202 2018 3361 2071 οίῐαι-

185 2124 271 2160 νει
303 2106 541 2168 σκοποῦ,
573 2108 799 2174 ἑκάστην
819 2106 956 2171 λέξιν
969 2106 1287 2173 διασαφῆσαι
1303 2106 1399 2174 τῆς
1413 2108 1735 2175 προφητείας

1837 2103 1956 2165 det,
1988 2111 2268 2170 propterea
2297 2102 2438 2172 quod
2470 2118 2576 2156 non
2606 2104 2953 2172 corporaliter
2979 2120 3138 2172 super
3170 2108 3359 2161 solium

1837 2192 2002 2247 David
2028 2194 2250 2262 ejusque
2281 2209 2500 2262 regnum
2532 2194 2669 2247 sedit
2709 2191 2950 2247 Salvator
3002 2194 3362 2267 Dominusque

187 2194 631 2262 παραστήσεταιο
656 2192 772 2262 (sic)
788 2194 927 2253 ὅπως
956 2191 1161 2261 εἴρηται
1185 2192 1263 2255 τὸ,
1286 2210 1302 2240 ι
1335 2193 1424 2243 ἐπὶ
1443 2192 1530 2244 τὸν
1555 2192 1737 2260 θρόνον

185 2280 357 2332 Δαυῒδ
373 2281 470 2331 καὶ
501 2280 595 2349 τὴν
625 2278 887 2347 βασιλείαν
910 2276 1088 2339 αὐτοῦ,
1106 2275 1434 2346 κατορθῶσαι
1452 2276 1665 2347 αὐτήν»
1692 2271 1735 2344 ᾧ

1837 2292 2021 2338 noster
2046 2284 2202 2337 Jesus
2230 2284 2493 2338 Christus.
2517 2283 2590 2338 De
2619 2300 2723 2352 quo
2751 2286 3020 2340 studiosos
3047 2288 3271 2343 lectores
3294 2288 3359 2342 ad

187 2372 284 2422 καὶ
304 2372 460 2433 εἰκὸς
488 2370 553 2423 ἂν
581 2373 661 2440 εἴη
680 2370 972 2439 προσκόψαι
996 2370 1118 2431 τοὺς
1145 2372 1207 2421 ἐκ
1230 2368 1541 2438 περιτομῆς,
1566 2367 1650 2420 διὰ
1678 2369 1735 2420 τὸ

1837 2374 2220 2427 commentaria
2248 2375 2373 2426 olim
2405 2389 2433 2425 a
2463 2374 2616 2427 nobis
2655 2376 2854 2443 prolata
2885 2376 3224 2432 remittimus.

190 2461 270 2532 μὴ
295 2460 629 2530 σωματικῶς
658 2461 747 2513 ἐπὶ
775 2461 860 2512 τὸν
888 2460 1067 2529 θρόνον
1094 2459 1185 2510 καὶ
1218 2458 1312 2527 τὴν
1341 2458 1604 2527 βασιλείαν
1631 2457 1721 2510 τοῦ
1758 2461 1913 2514 Δαυῖδ
1941 2462 2277 2515 κεκαθικέναι
2316 2464 2405 2515 τὸν
2433 2464 2655 2533 Σωτῆρα
2686 2465 2777 2516 καὶ
2804 2465 2999 2536 Κύριον
3048 2468 3196 2537 ⁴ἡμῶν
3264 2469 3363 2538 ’1η-

185 2554 322 2608 σοῦν
346 2555 582 2625 Χριστόν
601 2569 612 2581 ·
638 2554 701 2605 δι’
718 2554 849 2622 ὅπερ
864 2552 1267 2621 ἀναπέμψαντες
1288 2552 1409 2613 τοὺς
1430 2549 1735 2619 φιλομαθεῖς
1771 2554 1861 2606 ἐπὶ
1891 2554 1956 2610 τά
1983 2557 2060 2618 είς
2091 2556 2212 2618 τοὺς
2238 2556 2428 2618 τόπους
2472 2556 2678 2625 ύπομνή
2689 2573 2847 2625 ματα,
2883 2560 3040 2626 ἡμεῖς
3071 2560 3129 2611 τὸ
3171 2575 3361 2629 προτει-

188 2645 283 2698 θέν
315 2642 805 2715 διαπερανούμεθα.

606 2834 611 2839 ,
722 2762 1104 2814 ΚΕΦΑΛΛΙΟΝ
1155 2764 1234 2813 H'.

269 2874 287 2904 ι
333 2854 471 2906 Ἰδοὺ
502 2852 563 2923 δὴ
587 2854 615 2905 ό
644 2853 900 2921 δεσπότης
940 2852 1137 2921 Κύριος
1168 2850 1386 2904 Σαϐαὼθ
1425 2850 1737 2922 συνταράξει

187 2944 318 3004 τοὺς
345 2940 589 3003 ἐνδόξους
628 2939 760 3009 μετά
795 2938 987 3007 ἰσχύος,
1020 2940 1107 2991 καὶ
1136 2939 1321 3008 ὑψηλοὶ
1342 2942 1405 3009 τῇ
1440 2939 1590 3009 ῦϐρει
1620 2955 1738 2992 συν-

2405 2761 2625 2815 CAPUT
2669 2762 2798 2817 VIII.

1906 2870 1926 2901 ι
1966 2850 2101 2904 Ecce
2145 2850 2454 2905 dominator
2497 2850 2754 2905 Dominus
2803 2849 3034 2905 Sabaoth
3059 2851 3360 2921 confringet

1832 2939 2033 2992 nobiles
2075 2952 2196 2991 cum
2242 2937 2585 3000 fortitudine,
2620 2948 2674 2992 et
2700 2940 2897 2993 excelsi
2930 2948 3137 2993 statura
3172 2943 3351 2994 succi-

190 3032 568 3103 τριϐήσονται,
606 3030 695 3080 καὶ
728 3027 1227 3096 ταπεινωθήσονται,
1262 3028 1355 3078 καὶ
1386 3027 1664 3080 πεσοῦνται
1686 3029 1735 3079 οἱ

1835 3030 2046 3092 dentur,
2074 3036 2126 3082 et
2143 3028 2395 3081 sublimes
2428 3028 2868 3082 liumiliabuntur.
2889 3028 2952 3081 Et
2982 3031 3361 3085 sulivertentur

191 3121 396 3188 ὑψηλοὶ
436 3117 702 3187 μαχαίρα’
728 3118 755 3168 ὁ
778 3116 832 3165 δὲ
864 3114 1078 3175 Λίϐανος
1119 3116 1212 3166 σὺν
1242 3118 1350 3175 τοῖς
1389 3115 1601 3182 ὑψηλοῖς
1635 3131 1733 3166 πε-

191 3213 395 3261 σεῖται.
427 3207 534 3257 Καὶ
557 3204 882 3267 ἐξελεύσεται
915 3203 1102 3271 ῥάϐδος
1127 3204 1190 3254 ἐκ
1212 3202 1307 3271 τῆς
1334 3203 1485 3272 ῥίζης
1521 3203 1732 3264 Ἰεσσαὶ,

190 3299 293 3351 καὶ
325 3296 490 3357 ἄνθος
509 3297 572 3346 ἐκ
603 3295 696 3361 τῆς
720 3292 869 3361 ῥίζης
896 3291 1232 3361 ἀναϐήσεται,
1264 3292 1354 3343 καὶ
1376 3291 1738 3347 ὲπαναπαύσε-

189 3405 283 3442 ται
325 3388 417 3439 ἐπ’
462 3385 616 3437 αὑτὸν
647 3383 853 3451 πνεῦμα
877 3382 967 3435 τοῦ
998 3380 1149 3443 Θεοῦ,
1175 3381 1384 3451 πνεῦμα
1433 3380 1615 3448 σοφίας
1647 3382 1738 3437 καὶ

193 3478 493 3537 συνέσεως,
540 3472 747 3542 πνεῦμα
780 3472 968 3541 βουλῆς
996 3472 1086 3523 καὶ
1125 3470 1318 3539 ἰσχύος,
1354 3470 1562 3540 πνεῦμα
1602 3469 1737 3537 γνὼο

195 3583 341 3628 σεως
390 3566 485 3616 καί¹
518 3562 787 3625 εὐσεϐείας
830 3562 1087 3631 ἐμπλήσει
1125 3560 1314 3612 αὐτόν’
1341 3560 1550 3629 πνεῦμα
1574 3561 1735 3629 φόϐου

193 3654 336 3707 Θεοῦ
359 3654 422 3705 οὗ
455 3652 593 3705 κατὰ
619 3651 712 3721 τὴν
731 3651 881 3713 δόξαν
906 3652 1092 3721 κρινεῖ,
1116 3650 1232 3701 οὐδὲ
1264 3649 1401 3701 κατὰ
1431 3651 1526 3720 τὴν
1552 3650 1734 3703 λαλιὰν

194 3741 439 3809 ἐλέγξει,
474 3739 606 3792 ἀλλά
629 3742 797 3809 κρινεῖ
814 3739 1043 3808 ταπεινῷ
1066 3739 1258 3810 κρίσιν,
1283 3740 1372 3790 καὶ
1390 3738 1592 3805 ἐλέγξει
1613 3740 1736 3800 τοὺς

195 3830 494 3889 ταπεινοὺς
536 3827 634 3895 τῆς
678 3828 799 3897 γῆς,
844 3828 935 3880 καὶ
967 3826 1186 3889 πατάξει
1218 3827 1320 3895 γῆν
1365 3826 1440 3896 τῷ
1469 3827 1607 3898 λόγῳ
1642 3827 1734 3881 τοῦ

197 3918 474 3987 στόματος
501 3914 681 3976 αὑτοῦ,
708 3916 799 3967 καὶ
831 3918 886 3967 ἐν
913 3916 1172 3984 πνεύματι
1203 3916 1288 3967 διά
1313 3915 1527 3984 χειλέων
1565 3916 1738 3970 ἀνελεῖ

196 4008 411 4075 ἀσεϐἧο
465 4007 555 4059 καὶ
594 4005 738 4058 ἔσται
781 4006 1081 4078 δικαιοσύνη
1123 4007 1418 4076 ἐζωσμένος
1451 4007 1546 4077 τὴν
1572 4010 1735 4075 ὀσφὺν

198 4097 371 4149 αὐτοῦ
392 4134 408 4158 ,
448 4096 538 4146 καὶ
578 4095 795 4163 ἀληθεία
838 4095 1112 4164 είλημένος
1146 4094 1243 4157 τὰς
1284 4095 1515 4166 πλευρὰς
1556 4097 1733 4150 αὐτοῦ.

198 4186 313 4240 Καὶ
359 4183 854 4253 συμϐοσκηθήσεται
897 4184 1054 4244 λύκος
1087 4183 1221 4253 μετά
1257 4184 1433 4253 ἀρνὸς,
1466 4186 1577 4236 καὶ⁴
1600 4187 1737 4257 πάρ-

196 4273 354 4334 δαλις
404 4272 855 4323 συναναπαύσεται
910 4273 1110 4342 ἐρίφῳ,
1156 4271 1243 4325 καὶ
1311 4274 1593 4342 μοσχάριον
1645 4275 1735 4326 καὶ

1837 3117 2034 3169 excelsi
2078 3116 2256 3168 ferro:
2291 3124 2344 3169 et
2392 3115 2627 3170 Libanus
2673 3132 2795 3170 cum
2827 3119 3061 3172 excelsis
3088 3120 3261 3177 cadet.
3298 3120 3361 3174 Et

1837 3203 2139 3268 egredietur
2168 3202 2314 3269 virga
2342 3201 2407 3254 de
2438 3202 2615 3257 radice
2646 3203 2826 3266 Jesse,
2869 3211 2921 3256 et
2960 3205 3056 3259 ﬂos
3089 3206 3154 3261 de
3183 3208 3362 3263 radice

1837 3292 1954 3357 ejus
1996 3291 2280 3353 ascendet,
2330 3300 2383 3345 et
2420 3293 2716 3359 requiescet
2763 3308 2922 3360 super
2965 3311 3087 3348 eum
3142 3299 3360 3365 spiritus

1838 3379 1962 3443 Dei,
1992 3380 2210 3448 spiritus
2235 3380 2508 3447 sapientia:
2529 3389 2583 3433 et
2611 3381 2940 3442 intellectus,
2967 3383 3194 3451 spiritus
3226 3402 3357 3440 con-

1836 3470 1944 3525 si‘lii
1988 3479 2040 3523 et
2082 3470 2440 3531 fortitudinis,
2483 3471 2707 3537 spiritus
2751 3471 2987 3524 scienlize
3018 3481 3071 3525 et
3100 3474 3354 3542 pietatis:

1837 3561 2061 3629 replebit
2097 3575 2216 3612 eum
2247 3562 2466 3629 spiritus
2493 3562 2702 3613 timoris
2738 3559 2827 3613 Dei
2858 3578 2870 3625 ;
2913 3576 3017 3614 non
3064 3563 3355 3616 secundum

1836 3649 2423 3718 Opinionemjudicabit,
2440 3663 2611 3716 neque
2638 3648 2927 3701 secundum
2953 3648 3216 3717 loquelam
3246 3650 3360 3703 red-

1839 3746 2044 3807 arguet,
2104 3738 2196 3792 sed
2232 3738 2494 3805 judicabit
2518 3738 2702 3790 humili
2742 3737 3031 3805 judicium,
3074 3747 3127 3791 et
3170 3738 3357 3791 redar-

1837 3835 1962 3897 guet
2000 3828 2226 3881 humiles
2256 3834 2443 3890 terrai,
2494 3834 2547 3881 et
2571 3828 2897 3896 critjustitia
2922 3828 3191 3896 cingulum
3224 3828 3360 3880 lum-

1835 3918 2023 3971 borum
2055 3917 2173 3984 ejus
2197 3955 2211 3980 ,
2246 3924 2299 3971 et
2324 3918 2522 3970 veritas
2545 3916 2912 3970 indumentum
2945 3917 3167 3970 laterum
3198 3917 3358 3984 ejus;

1837 4016 1889 4061 et
1916 4017 2162 4076 pascetur
2181 4007 2341 4061 simul
2363 4008 2518 4076 lupus
2540 4022 2661 4063 cum
2688 4022 2825 4077 agno
2845 4045 2859 4071 ,
2891 4014 2944 4060 et
2968 4007 3168 4076 pardus
3199 4008 3359 4061 simul

1835 4093 2076 4162 quiescet
2101 4108 2221 4146 cum
2245 4093 2427 4154 haedo,
2460 4102 2514 4147 et
2543 4095 2742 4149 vitulus
2771 4104 2823 4147 et
2853 4095 2949 4149 bos
2989 4102 3041 4149 et
3081 4097 3164 4148 leo
3202 4096 3357 4148 simul

1837 4190 2158 4249 pascentur:
2191 4180 2348 4234 simul
2384 4182 2722 4249 requiescent
2751 4183 2913 4235 catuli
2942 4198 3125 4235 eorum
3151 4221 3165 4243 .
3201 4194 3248 4236 et
3279 4185 3359 4236 leo

1833 4271 1984 4339 quasi
2008 4272 2103 4325 bos
2130 4270 2371 4325 comedet
2396 4272 2594 4340 paleas.
2627 4271 2690 4323 Et
2714 4272 3063 4326 delectabitur
3086 4272 3263 4325 infans
3291 4274 3359 4326 ab

196 4362 407 4431 ταῦρος
456 4358 549 4410 καὶ
603 4359 733 4412 λέων
766 4360 877 4429 ἃμα
918 4361 1351 4431 βοσκηθήσονται,
1392 4364 1480 4414 καὶ
1515 4364 1628 4431 ἃμα
1667 4364 1733 4418 τὰ

1835 4363 1996 4415 ubere
2039 4376 2200 4431 super
2248 4361 2508 4415 foramine
2543 4362 2780 4428 aspidis.
2824 4369 2878 4415 et
2915 4362 2968 4413 in
3013 4376 3243 4415 caverna
3275 4378 3360 4417 re-

199 4450 396 4505 παιδία
442 4446 616 4499 αὐτῶν
658 4446 881 4509 ἔσονται,
936 4452 1026 4500 καὶ
1066 4450 1197 4501 λέων
1233 4450 1307 4513 ὡς
1344 4449 1468 4519 βοῦς
1508 4452 1731 4518 φάγεται

199 4541 404 4612 ἄχυρα,
437 4539 530 4592 καὶ
571 4537 774 4589 παιδίον
798 4540 981 4606 νήπιον
1005 4540 1093 4591 ἐπὶ
1122 4540 1362 4611 τρώγλην
1388 4540 1621 4593 ἀσπίδων
1646 4543 1738 4594 καὶ

203 4634 298 4685 ἐπὶ
327 4631 517 4698 κοίτην
550 4627 777 4695 ἐγγόνων
808 4627 1039 4679 ἀσπίδων
1064 4628 1157 4697 τὴν
1186 4632 1337 4700 χεῖρα
1363 4630 1623 4694 ἐπιϐαλεῖ,
1648 4632 1737 4683 καὶ

202 4723 264 4774 ⁸ιύ
292 4721 368 4792 μὴ
394 4717 971 4787 κακοποιήσωσιν,ούδέ
998 4717 1069 4786 μὴ
1098 4717 1348 4771 δύνωνται
1367 4721 1620 4775 ἀπολέσαι
1653 4722 1738 4773 ού-

201 4810 327 4864 δένα
356 4810 450 4862 ἐπὶ
467 4808 527 4860 τὸ
559 4807 679 4877 ὅρος
704 4806 763 4858 τὸ
787 4807 935 4873 ἆγιόν
962 4824 1078 4875 μου,
1108 4808 1187 4859 ὅτι
1214 4809 1509 4879 ἐνεπλήσθη
1536 4814 1567 4881 ἡ
1600 4812 1735 4881 σύμ-

204 4918 351 4954 πασα
379 4901 450 4969 γῆ
475 4898 565 4950 τοῦ
586 4896 781 4964 γνῶναι
801 4897 889 4948 τὸν
912 4897 1129 4967 Κύριον,
1146 4897 1219 4959 ὡς
1250 4898 1389 4968 ὕδωρ
1417 4901 1547 4952 πολὺ
1574 4918 1735 4954 κατα-

205 4990 439 5058 καλύψαι
470 4986 752 5047 θαλάσσας
793 4987 885 5038 καὶ
915 4985 1062 5039 ἐσται
1092 4988 1148 5038 ἐν
1183 4989 1247 5056 τῇ
1282 4986 1460 5056 ἡμέρα
1490 4988 1665 5059 ἐκείνη
1701 4991 1735 5059 ή

207 5077 327 5145 ῥίζα
362 5078 454 5130 τοῦ
502 5076 712 5134 Ἰεσσαὶ,
745 5075 835 5127 καὶ
865 5077 893 5126 ὁ
937 5075 1282 5144 ἀνιστάμενος
1324 5075 1506 5144 ἄρχειν
1551 5077 1733 5140 ἐθνῶν,

205 5166 289 5217 ἐπ’
319 5165 466 5235 αὐτῷ
504 5164 628 5232 ἔθνη
660 5163 916 5227 ἐλπιοῦσι,
950 5164 1043 5216 καὶ
1066 5164 1213 5215 ἔσται
1246 5166 1279 5233 ή
1310 5163 1605 5228 ἀνάπαυσις
1636 5167 1734 5219 αὑ-

207 5254 297 5307 τοῦ
339 5258 491 5326 τιμή.
524 5274 542 5305 ι
591 5254 708 5306 Οὐδ’
751 5255 900 5307 αὐτοὶ
938 5255 987 5306 oi
1022 5256 1085 5306 ἐκ
1112 5252 1405 5323 περιτομῆς
1434 5250 1583 5305 ἄλλον
1618 5254 1733 5308 τινὰ

166 5392 169 5395 .
210 5344 298 5395 τοῦ
341 5342 573 5417 Χριστοῦ
611 5342 700 5395 τὸν
740 5342 966 5395 ἐνταῦθα
1015 5341 1475 5415 προφητευόμενον
1523 5342 1734 5415 ὑπειλή-

214 5448 361 5499 φασι,
392 5432 528 5501 πλὴν
554 5432 673 5484 ὅσον
703 5430 792 5480 ἐπὶ
813 5429 938 5499 ψιλῇ
970 5433 1037 5497 τῇ
1066 5430 1164 5497 τῆς
1196 5426 1520 5497 προφητείας
1545 5429 1730 5501 ἐκδοχῇ

219 5519 654 5589 σωματικώτερον
700 5517 909 5569 ἔσεσθαι
952 5516 1332 5585 φανταζόμενοι
1375 5514 1439 5567 τὰ
1476 5517 1609 5571 κατά
1646 5520 1733 5573 τὸν

292 5674 482 5730 'Dcut.
512 5687 680 5736 xxxii,
706 5670 792 5723 2L
866 5674 883 5702 ³
910 5670 1010 5726 lsa.
1045 5688 1096 5735 x,
1131 5671 1215 5731 55,
1245 5669 1345 5731 51;
1372 5686 1442 5731 xi,
1472 5671 1612 5724 HO.

1834 4451 1941 4520 guli
1966 4493 1980 4515 ,
2021 4451 2113 4519 qui
2146 4452 2441 4506 ablactatus
2479 4451 2639 4506 fuerit
2664 4491 2678 4515 ,
2721 4467 2934 4505 manum
2978 4467 3129 4505 suam
3168 4455 3357 4509 mittet.

1837 4539 1951 4594 Non
1982 4540 2283 4600 nocebunt,
2318 4548 2371 4592 et
2402 4556 2508 4593 non
2539 4541 2783 4595 occident
2816 4542 2867 4593 in
2902 4542 3155 4595 universo
3183 4551 3362 4596 monte

1837 4633 2020 4678 sancto
2045 4640 2164 4678 meo
2191 4644 2204 4678 :
2236 4630 2361 4693 quia
2393 4626 2593 4694 repleta
2624 4635 2706 4680 est
2738 4635 2879 4680 terra
2921 4628 3145 4679 scientia
3180 4627 3362 4681 υοωὶο

1837 4714 1889 4766 ni
1910 4752 1925 4773 ,
1958 4712 2095 4765 sicut
2123 4728 2273 4782 aqua:
2297 4714 2461 4766 maris
2490 4714 2810 4781 Operientes.
2845 4712 2908 4763 Et
2935 4712 3038 4763 erit
3068 4714 3121 4764 in
3151 4713 3239 4765 die
3271 4713 3359 4764 illa

1837 4805 1988 4859 radix
2038 4803 2221 4867 Jesse,
2267 4814 2320 4859 et
2358 4806 2449 4873 qui
2496 4806 2669 4873 surgit
2708 4816 2765 4855 ut
2815 4803 3035 4869 imperet
3080 4803 3362 4868 gentibus,

1836 4896 2010 4963 ipsum
2060 4902 2243 4961 gentes
2286 4894 2735 4962 deprecabuntur,
2797 4899 2851 4942 et
2901 4890 3001 4941 erit
3058 4890 3367 4956 sepulcrum

1835 4986 1952 5053 ejus
1979 4985 2267 5052 gloriosum
2295 4987 2336 5037 ².
2368 5003 2386 5035 ι
2412 4983 2593 5052 Neque
2618 4984 2717 5053 ipsi
2744 4980 2913 5034 Judaei
2940 4980 3102 5030 alium
3128 4980 3373 5044 quemvis

1834 5091 1897 5128 ac
1972 5074 2248 5128 Christum
2315 5075 2385 5127 ibi
2459 5075 2885 5143 prophetizatum
2948 5068 3377 5129 intellexerunt,

1836 5164 1938 5218 nisi
1980 5164 2232 5217 nimirum
2271 5163 2629 5232 corporaliter
2644 5169 2874 5227 accepta
2901 5157 3062 5224 hujus
3086 5154 3385 5222 prophetia:

1837 5255 2082 5323 simplice
2113 5254 2287 5307 littera
2307 5293 2322 5317 ,
2347 5254 2401 5307 in
2426 5253 2708 5307 Dominum
2739 5257 2991 5303 nostrum
3013 5244 3208 5298 Jesum
3232 5243 3389 5296 Chri-

1833 5354 1972 5399 stum
1996 5344 2148 5398 fidem
2173 5343 2425 5399 adbibere
2447 5350 2693 5397 renuant.
2717 5338 2842 5393 Nos
2879 5349 3006 5390 vero
3032 5331 3230 5384 omnia
3250 5331 3399 5397 juxta

1835 5433 2159 5503 prophetiam
2207 5433 2367 5503 digna
2409 5448 2529 5488 esse
2572 5432 2681 5486 Deo
2718 5437 3054 5498 persuasum
3085 5420 3365 5474 habentes
3388 5455 3404 5479 ,

1832 5525 1896 5579 de
1957 5524 2194 5578 moribus
2240 5523 2515 5577 hominum
2562 5518 2887 5576 Salvatoris
2937 5509 3111 5569 nostri
3173 5507 3411 5559 adventu
