3952 6410
188 392 345 446 120;)
1222 398 1505 454 ECLOGA‘J
1540 396 2009 452 PROPIIETICIE.
2036 427 2101 437 -—
2135 395 2261 449 LIB.
2297 395 2383 450 IV.
3241 397 3374 452 1210

183 510 261 573 Χ
300 510 681 577 χρηματίζεισ
732 511 869 563 κατά
914 511 969 563 δὲ
1004 511 1092 563 τὸν
1133 511 1354 563 Ἀκύλαν
1402 512 1492 565 καὶ
1535 509 1662 562 αύτὸ
1698 508 1748 561 τί

1859 524 1978 563 men
2022 509 2138 576 ejus
2175 517 2257 563 est
2285 526 2302 559 ι
2333 507 2673 562 Admirabilis
2718 509 3088 571 consiliarius,
3129 507 3277 563 fortis
3321 518 3374 562 et

186 599 260 663 Χ
314 598 620 667 Ἐϐραῖκὸν
646 601 703 652 τὺ
726 601 888 669 ὄνομα
913 600 1069 652 αὑτοῦ
1098 602 1209 653 ἐστι
1248 619 1264 650 ι
1298 599 1607 668 Θαυμαστὸς
1626 598 1748 669 σύμ-

1857 605 2045 666 potens
2070 606 2239 669 pater,
2267 597 2427 652 etiam
2456 597 2701 666 princeps
2727 599 2906 666 pacis;
2928 618 2944 647 ι
2967 606 3020 651 et
3043 598 3193 665 juxta
3222 597 3375 667 Sym-

188 685 261 754 κ
297 684 533 749 ϐουλος,
576 687 818 755 ἰσχυρὸς,
846 688 1058 748 δυνατὸς
1088 685 1282 757 πατὴρ,
1308 686 1383 737 ἐτι
1404 687 1579 754 ἄρχων
1611 686 1748 753 εἰρή-

1856 687 2101 740 machum
2123 706 2135 740 :
2159 705 2177 736 ι
2197 686 2484 743 Vocabitur
2504 702 2694 740 nomen
2718 689 2921 754 pueruli
2943 688 3369 750 Admirabilitas,

192 774 262 841 Χ
302 793 416 843 νης
440 793 455 805 °
500 796 517 826 ι
552 778 644 828 καὶ
676 776 811 827 κατά
841 777 927 828 τὸν
959 778 1240 845 Σύμμαχον
1259 776 1334 838 δὲ,
1373 795 1389 825 ι
1426 775 1748 844 κληθήσεται

1854 777 2225 842 consiliarius,
2253 777 2405 831 fortis
2424 814 2439 840 ,
2469 786 2688 846 potens,
2717 787 2862 843 pater
2888 777 3064 829 saeculi
3086 816 3100 838 ,
3130 779 3373 845 princeps

187 866 254 915 τὸ
312 866 503 933 ὄνομα
550 866 642 918 τοῦ
696 865 899 917 παιδίου
933 864 1361 934 Παραδοξασμὸς,
1395 864 1748 933 βουλευτικὸς,

1854 866 2019 934 pacis.
2053 885 2072 916 ι
2093 864 2381 918 Petendum
2413 873 2494 917 est
2521 865 2685 933 igitur
2707 880 2735 915 a
2760 862 2956 919 Judatis
2981 881 3265 935 quemnam
3287 865 3376 917 lia-

186 954 463 1023 ξσχυρὸς,
502 955 739 1016 δυνατὸς,
779 953 953 1023 πατὴρ
1000 954 1206 1015 αἰῶνος,
1250 954 1428 1023 ἄρχων
1459 955 1692 1023 εἰρήνης.
1732 972 1748 1005 ι

1853 953 2049 1018 beant,
2080 955 2165 1006 cui
2198 954 2308 1006 hare
2337 953 2578 1020 adoptari
2613 953 2851 1021 possint,
2884 957 3161 1020 puerulum
3200 964 3375 1008 osten-

195 1045 585 1114 Ἀπαιτητέον
643 1048 818 1098 τοίνυν
875 1047 995 1106 τοὺς
1042 1048 1103 1097 ἐκ
1155 1046 1443 1117 περιτομῆς
1496 1048 1641 1097 ποῖον
1691 1045 1748 1098 ἂν

1853 1044 1999 1097 dere.
2050 1043 2256 1109 Etenim
2295 1044 2449 1111 juxta
2488 1058 2586 1095 nos
2627 1041 2822 1095 iudicia
2866 1052 2991 1097 sunt
3035 1044 3146 1111 ipsa
3179 1044 3374 1097 divina

184 1133 436 1205 ἔχοι(εν)
474 1136 678 1188 παιδίον
790 1134 856 1187 τά
886 1135 1172 1205 τηλικαῦτα
1225 1135 1578 1204 ἐφαρμόσαιεν
1623 1152 1748 1205 παρ-

1853 1132 2053 1186 Christi
2098 1133 2411 1201 potestatis,
2452 1132 2504 1185 in
2544 1148 2699 1201 quem
2736 1133 2826 1201 qui
2870 1148 2974 1186 non
3018 1134 3371 1199 crediderint,

186 1225 430 1275 ιστάναι
450 1242 464 1255 ·
514 1223 631 1277 καθ’
662 1227 693 1295 ἡ
704 1226 802 1292 μᾶς
834 1225 938 1294 γάρ
963 1224 1188 1276 ἐπίνοιαί
1220 1226 1351 1275 εἰσιν
1386 1218 1539 1276 αὗται
1578 1223 1639 1293 (f.
1665 1224 1748 1292 48)

1853 1222 2033 1275 volent
2052 1260 2067 1283 ,
2094 1221 2139 1275 si
2165 1221 2363 1274 fuerint
2391 1221 2511 1289 igne
2534 1222 2794 1275 combusti
2820 1223 2995 1289 potius
3019 1238 3175 1290 quam
3201 1239 3378 1290 repro-

181 1311 295 1379 τῆς
326 1312 495 1374 Θείας
512 1314 603 1365 τοῦ
629 1313 853 1383 Χριστοῦ
879 1313 1171 1381 δυνάμεως,
1194 1314 1270 1374 εἰς
1292 1312 1347 1369 ὃν
1375 1315 1421 1364 οἱ
1450 1313 1521 1381 μὴ
1546 1313 1748 1365 πιστεύ-

1853 1313 2120 1366 bationem
2169 1327 2317 1365 suam
2351 1311 2531 1365 videre
2557 1322 2608 1364 et
2637 1311 2868 1379 gentium
2916 1313 3172 1374 salutem,
3216 1329 3371 1380 quam

183 1417 405 1463 σαντες
450 1403 757 1471 θελήσουσιν
790 1404 837 1453 εἰ
880 1402 1203 1471 ἐγενήθησαν
1244 1401 1591 1471 πυρίκαυστοι
1628 1399 1748 1469 μᾶλ-

1854 1402 2003 1455 zelus
2048 1400 2259 1454 Domini
2305 1399 2539 1454 Sabaoth
2587 1403 2827 1454 facturus
2872 1417 2990 1454 esse
3032 1401 3247 1455 dicitur.
3297 1402 3374 1454 Ad

181 1489 283 1541 λον
316 1490 357 1560 ἦ
398 1492 490 1542 ὅτι
542 1491 638 1561 τὴν
689 1490 891 1543 ἑαυτῶν
939 1490 1201 1558 ἀποϐολὴν
1237 1489 1359 1540 ίδείν
1397 1491 1487 1541 καὶ
1525 1490 1621 1558 τὴν
1651 1489 1748 1541 τῶν

1856 1492 1996 1559 quod
2032 1498 2277 1559 spectant
2322 1490 2435 1543 haec
2474 1490 2614 1559 apud
2656 1490 2966 1561 Moysemzc
2998 1491 3098 1559 Ipsi
3140 1507 3223 1545 me
3261 1507 3377 1559 pro-

183 1574 378 1628 ἐθνῶν
411 1577 705 1644 σωτηρίαν,
732 1578 796 1645 ἢν
825 1579 853 1628 ὁ
880 1575 1030 1645 ζῆλος
1061 1576 1257 1646 Κυρίου
1281 1575 1495 1628 Σαϐαὼθ
1520 1577 1748 1645 ποιήσειν

1853 1586 2184 1632 vocaverunt
2216 1579 2269 1631 in
2294 1578 2457 1645 idolis
2488 1581 2629 1639 suis,
2661 1586 2711 1631 et
2736 1593 2835 1646 ego
2863 1580 3165 1646 provocabo
3198 1595 3290 1634 eos
3319 1581 3372 1634 in

180 1665 454 1735 εἴρηται·
480 1661 526 1733 ᾧ
544 1667 866 1737 παραθήσεις
890 1668 947 1719 τὸ
968 1666 1112 1737 παρά
1139 1669 1356 1722 Μωῦσεῖ
1377 1666 1514 1719 οὓτω
1535 1684 1647 1729 πως
1669 1667 1748 1718 λε‹

1852 1681 1917 1720 eo
1948 1667 2038 1735 qui
2070 1682 2177 1719 non
2210 1674 2294 1719 est
2325 1667 2579 1734 populus,
2610 1674 2661 1719 et
2691 1667 2743 1719 in
2771 1676 2927 1736 gente
2957 1668 3119 1719 stulta
3155 1669 3374 1723 irritabo

181 1753 511 1824 λεγμένον·
544 1776 560 1807 ι
589 1758 745 1809 Λύτοὶ
790 1756 1165 1825 παρεζήλωσάν
1207 1773 1272 1825 με
1296 1756 1352 1805 ἐν
1384 1758 1490 1817 τοῖς
1526 1755 1748 1816 εἰδώλοις

1852 1770 1945 1810 eos
1977 1756 2015 1808 ¹.
2045 1775 2064 1807 ι
2092 1754 2286 1808 Verum
2318 1772 2415 1810 nec
2448 1756 2724 1823 pra‘sentis
2753 1756 3025 1823 temporis,
3050 1771 3149 1810 nec
3194 1772 3375 1827 prepo-

181 1845 416 1908 αὐτῶν,
473 1847 625 1913 κάγὼ
670 1846 1035 1916 παραζηλώσω
1082 1846 1271 1907 αὐτοὺς
1316 1846 1398 1898 ἐπ’
1439 1845 1534 1897 ούκ
1581 1844 1748 1896 ἔθνει·

1856 1845 1945 1899 siti
1998 1853 2083 1899 est
2121 1846 2331 1913 singula
2378 1845 2668 1913 prophetiae
2709 1846 2869 1898 verba
2914 1846 3224 1913 elucidare;
3276 1863 3374 1904 nec

186 1937 284 1987 ἐπ’
318 1936 479 1988 ἔθνει
514 1937 745 2004 ἀσυνέτῳ
767 1935 1039 2006 παροργιῶ
1067 1935 1274 1997 αὐτούς.
1305 1954 1323 1985 ι
1368 1934 1519 1987 Ἀλλά
1559 1934 1663 2005 γὰρ
1693 1934 1748 1987 οὐ

1856 1933 2127 2002 quomodo
2158 1934 2391 1995 dicatur,
2418 1951 2435 1982 ι
2462 1947 2621 2001 super
2654 1934 2844 1987 solium
2877 1933 3040 1986 David
3071 1943 3123 1987 et
3151 1951 3369 2003 regnum

188 2025 291 2078 τοῦ
328 2026 609 2095 παρόντος
640 2026 848 2096 καιροῦ,
870 2026 985 2077 οὐδὲ
1015 2026 1116 2094 μὴν
1137 2024 1228 2077 τοῦ
1250 2024 1368 2076 καθ’
1395 2026 1535 2093 ἡμᾶς
1560 2026 1748 2094 τυγχά-

1852 2022 1970 2089 ejus
2013 2032 2070 2075 ut
2112 2022 2306 2092 dirigat
2351 2022 2502 2075 illud.
2538 2042 2555 2073 ι
2584 2022 2695 2075 Hoc
2734 2024 2949 2091 quidem
2974 2023 3186 2078 Judmos
3214 2026 3373 2079 offen-

188 2134 277 2170 νει
310 2115 552 2178 σκοποῦ,
585 2117 810 2184 ἑκάστην
831 2116 968 2180 λέξιν
982 2115 1300 2183 διασαφῆσαι
1315 2115 1411 2183 τῆς
1426 2116 1748 2184 προφητείας

1850 2112 1969 2173 det,
2002 2119 2281 2179 propterea
2309 2111 2449 2181 quod
2482 2126 2588 2164 non
2619 2112 2964 2179 corporaliter
2991 2127 3150 2181 super
3182 2116 3371 2169 solium

1849 2201 2014 2255 David
2041 2202 2262 2270 ejusque
2293 2217 2513 2271 regnum
2545 2202 2681 2255 sedit
2722 2199 2962 2255 Salvator
3014 2202 3374 2275 Dominusun

189 2203 643 2272 παραστήσεταιο
668 2202 783 2271 (sic)
800 2203 939 2262 ὅπως
969 2201 1173 2271 είρηται
1198 2201 1275 2263 τὸ,
1298 2218 1315 2249 ι
1348 2201 1436 2251 ἐπὶ
1456 2201 1542 2253 τὸν
1567 2200 1749 2269 θρόνον

188 2290 366 2341 Δαυῒδ
383 2291 482 2341 καὶ
513 2290 608 2359 τὴν
636 2288 898 2356 βασιλείαν
922 2286 1101 2348 αὐτοῦ,
1118 2284 1446 2355 κατορθῶσαι
1464 2285 1677 2354 αύτήψ»
1704 2279 1748 2352 ᾧ

1850 2300 2033 2347 noster
2059 2292 2215 2346 Jesus
2242 2292 2505 2346 Christus.
2529 2291 2602 2346 De
2631 2308 2736 2360 quo
2764 2294 3032 2347 studiosos
3059 2296 3282 2352 lectores
3306 2297 3370 2350 ad

190 2381 291 2432 καὶ
311 2381 472 2443 εἰκὸς
501 2380 565 2433 ἂν
593 2382 673 2450 είη
692 2380 985 2449 προσκόψαι
1008 2380 1131 2440 τοὺς
1157 2380 1219 2430 ἐκ
1242 2376 1553 2446 περιτομῆς,
1578 2375 1662 2428 διὰ
1690 2378 1747 2429 τὸ

1850 2383 2231 2436 commentaria
2261 2383 2385 2434 olim
2418 2398 2446 2434 a
2476 2383 2629 2436 nobis
2667 2384 2867 2451 prolata
2898 2385 3236 2440 remittimus.

195 2470 277 2542 μὴ
304 2470 641 2539 σωματικῶς
670 2470 758 2522 ἐπὶ
786 2470 872 2521 τὸν
900 2469 1079 2539 θρόνον
1106 2468 1197 2519 καὶ
1230 2467 1324 2537 τὴν
1354 2466 1616 2536 βασιλείαν
1643 2466 1734 2518 τοῦ
1771 2469 1926 2523 Δαυῒδ
1954 2471 2290 2524 κεκαθικέναι
2329 2473 2417 2524 τὸν
2446 2472 2667 2541 Σωτῆρα
2699 2473 2790 2524 καὶ
2817 2473 3012 2544 Κύριον
3060 2476 3208 2545 ἡμῶν
3276 2476 3376 2545 Ἰη-

190 2563 331 2618 σοῦν
355 2564 624 2634 Χριστόν’
650 2564 713 2615 δι’
730 2564 861 2632 ὅπερ
876 2561 1279 2630 ἀναπέμψαντες
1301 2561 1422 2621 τοὺς
1442 2558 1748 2628 φιλομαθεῖς
1784 2562 1874 2615 ἐπὶ
1904 2563 1969 2619 τά
1996 2566 2073 2626 εἰς
2104 2565 2224 2626 τοὺς
2251 2565 2441 2626 τόπους
2485 2564 2860 2634 ὑπομνήματα,
2896 2568 3053 2635 ἡμεῖς
3084 2568 3142 2619 τὸ
3183 2583 3373 2636 προτει-

193 2655 290 2708 θὲν
324 2651 818 2724 διαπερανούμεθα.

618 2843 623 2847 ἡ
734 2771 1116 2824 ΚΕΦΑΛΔΙΟΝ
1168 2772 1246 2823 ιιι.

277 2883 295 2913 ι
342 2863 483 2916 Ἰδοὺ
514 2861 576 2932 δὴ
600 2863 627 2914 ὁ
656 2862 912 2930 δεσπότης
952 2861 1150 2931 Κύριος
1180 2859 1398 2913 Σαϐαὼθ
1437 2859 1749 2932 συνταράξει

2418 2769 2638 2823 CAPUT
2682 2770 2811 2825 Vill.

1919 2878 1938 2910 ι
1979 2859 2114 2913 Ecce
2158 2858 2467 2914 dominator
2510 2858 2766 2913 Dominus
2816 2857 3047 2914 Sabaoth
3072 2858 3374 2927 confringet

1845 2948 2046 3002 nobiles
2088 2960 2209 3000 cum
2255 2945 2599 3008 fortitudine,
2632 2956 2685 3000 et
2712 2948 2910 3001 excelsi
2943 2956 3149 3002 statura
3185 2950 3365 3001 succi-

193 2953 327 3014 τοῦς
355 2948 601 3013 ἐνδόξους
641 2948 772 3018 μετὰ
807 2948 1000 3017 ἰσχύος,
1032 2948 1120 3000 καὶ
1149 2947 1334 3017 ὑψηλοὶ
1354 2951 1417 3018 τῇ
1453 2947 1602 3018 ὕϐρει
1633 2964 1751 3001 συν-

197 3041 580 3112 τριϐήσονται,
619 3039 708 3090 καὶ
741 3036 1239 3105 ταπεινωθήσονται,
1276 3037 1367 3087 καὶ
1398 3036 1677 3089 πεσοῦνται
1699 3037 1748 3088 οἰ

198 3130 407 3198 senm
447 3126 684 3196 μαχαίρᾳ
702 3141 714 3156 ·
740 3127 767 3177 ό
790 3124 845 3175 δὲ
876 3123 1091 3184 Λίϐανος
1132 3125 1225 3175 σὺν
1255 3127 1363 3185 τοῖς
1402 3124 1613 3191 ὑψηλοῖς
1648 3140 1746 3175 πε-

199 3222 406 3271 σεῖται.
439 3216 546 3266 Καὶ
569 3212 894 3277 ἐξελεύσεται
927 3212 1115 3280 ράϐδος
1139 3213 1203 3263 ἐκ
1225 3212 1319 3281 τῆς
1347 3212 1497 3281 ῥίζης
1533 3212 1745 3272 Ἰεσσαὶ,

198 3309 303 3361 καὶ
335 3306 502 3366 ἄνθος
522 3306 584 3355 ἐκ
615 3304 709 3371 τῆς
733 3301 881 3371 ῥίζης
908 3300 1245 3371 ἀναϐήσεται,
1276 3301 1366 3353 καὶ
1388 3300 1751 3355 ἐπαναπαύσε-

197 3415 292 3451 ται
335 3397 428 3448 ἐπ’
474 3395 629 3446 αὑτὸν
659 3392 866 3460 πνεῦμα
890 3391 979 3444 τοῦ
1011 3388 1161 3453 Θεοῦ,
1187 3390 1395 3460 πνεῦμα
1445 3389 1628 3457 σοφίας
1659 3390 1751 3445 καὶ

202 3486 505 3546 συνέσεως,
552 3481 760 3551 πνεῦμα
793 3481 980 3551 βουλῆς
1009 3480 1099 3533 καὶ
1138 3479 1331 3548 ἰσχύος,
1367 3478 1574 3549 πνεῦμα
1614 3478 1751 3546 γνώ-

205 3592 351 3637 σεως
401 3575 497 3625 καὶ
530 3572 800 3634 εὐσεϐείας
842 3571 1100 3640 ἐμπλήσει
1137 3569 1327 3621 αὐτόν’
1353 3569 1563 3639 πνεῦμα
1587 3570 1748 3638 φόϐου

204 3663 347 3715 Θεοῦ
370 3663 434 3714 οὐ
466 3661 605 3713 κατά
632 3660 725 3729 τὴν
744 3660 893 3722 δόξαν
919 3661 1105 3730 κρινεῖ,
1129 3659 1244 3711 οὐδὲ
1276 3659 1413 3710 κατά
1444 3660 1539 3729 τὴν
1564 3659 1747 3713 λαλιὰν

206 3750 449 3817 ἐλέγξει,
485 3748 619 3801 ἀλλά
642 3751 810 3817 κρινεῖ
826 3747 1056 3817 ταπεινῷ
1079 3747 1271 3818 κρίσιν,
1296 3748 1385 3799 καὶ
1403 3747 1605 3814 ἐλέγξει
1627 3749 1749 3809 τοὺς

207 3839 506 3898 ταπεινοὺς
549 3836 646 3903 τῆς
691 3837 812 3905 γῆς,
857 3837 948 3889 καὶ
980 3835 1199 3898 πατάξει
1230 3836 1333 3904 γῆν
1378 3834 1453 3904 τῷ
1482 3836 1619 3907 λόγῳ
1655 3836 1747 3891 τοῦ

210 3927 485 3995 στόματος
514 3924 693 3984 αὐτοῦ,
720 3925 811 3976 καὶ
844 3926 899 3976 ἐν
926 3924 1185 3992 πνεύματι
1216 3924 1301 3976 διὰ
1326 3924 1540 3992 χειλέων
1578 3925 1750 3978 ἀνελεῖ

211 4016 422 4084 ἀσεϐῆο
475 4016 567 4067 καὶ
607 4014 751 4066 ἔσται
793 4014 1094 4086 δικαιοσύνῃ
1137 4016 1431 4085 ἐζωσμένος
1464 4016 1559 4085 τὴν
1585 4019 1749 4084 ὀσφὺν

215 4105 417 4167 αὑτοῦ,
457 4105 549 4156 καὶ
590 4103 808 4171 ἀληθεία
851 4103 1125 4172 είλημένος
1160 4102 1256 4165 τὰς
1297 4103 1529 4175 πλευρὰς
1570 4106 1746 4158 αὑτοῦ.

214 4195 325 4249 Καὶ
369 4191 866 4263 συμϐοσκηθήσεται
910 4192 1067 4253 λύκος
1101 4192 1233 4262 μετὰ
1270 4193 1446 4263 ἀρνὸς,
1479 4194 1591 4245 καὶ·
1614 4196 1750 4265 πάρ.

212 4281 363 4345 δαλις
412 4281 868 4334 συναναπαύσεται
924 4281 1123 4351 ἐρίφῳ.
1169 4279 1257 4334 καὶ
1324 4282 1606 4352 μοσχάριον
1658 4283 1749 4335 καὶ

1848 3038 2059 3101 dentur,
2087 3044 2139 3091 et
2156 3036 2408 3090 sublimes
2442 3036 2881 3091 humiliabuntur.
2903 3036 2965 3089 Et
2995 3039 3376 3092 sulivertentur

1850 3126 2047 3178 excelsi
2092 3125 2268 3177 ferro:
2305 3132 2357 3177 et
2405 3123 2639 3178 Libanus
2686 3140 2809 3178 cum
2841 3127 3074 3180 excelsis
3102 3127 3276 3187 cadet.
3313 3127 3377 3182 Et

1850 3211 2152 3276 egredietur
2180 3211 2327 3278 virga
2355 3210 2419 3263 de
2451 3210 2628 3265 radice
2659 3211 2839 3275 Jesse,
2882 3219 2935 3264 et
2974 3213 3070 3268 ﬂos
3102 3214 3168 3268 de
3198 3215 3378 3272 radice

1849 3300 1967 3365 ejus
2009 3299 2293 3362 ascendet,
2343 3308 2395 3353 et
2432 3301 2728 3367 requiescet
2776 3316 2935 3369 super
2979 3319 3100 3356 eum
3156 3306 3375 3372 spiritus

1850 3387 1975 3451 Dei,
2005 3389 2223 3456 spiritus
2249 3388 2521 3455 sapientiae
2542 3398 2596 3441 et
2624 3390 2953 3451 intellectus,
2981 3391 3208 3459 spiritus
3240 3410 3372 3449 con-

1849 3479 1957 3534 siiii
2001 3488 2053 3532 et
2095 3478 2453 3541 fortitudinis,
2496 3480 2720 3545 spiritus
2764 3480 3000 3532 scientize
3031 3489 3084 3533 et
3113 3481 3368 3549 pietatis:

1850 3570 2075 3637 replebit
2110 3583 2229 3621 eum
2260 3571 2479 3637 spiritus
2506 3570 2716 3622 timoris
2752 3568 2841 3621 Dei
2872 3586 2884 3632 ;
2926 3585 3030 3621 non
3077 3571 3369 3624 secundum

1849 3657 2624 3727 Opinionemjudicahit,neque
2651 3657 2940 3709 secundum
2967 3656 3229 3725 loquelam
3260 3660 3374 3712 red-

1852 3755 2057 3816 arguet,
2117 3746 2209 3800 sed
2245 3746 2506 3814 judicabit
2531 3746 2715 3798 humili
2755 3745 3045 3814 judicium,
3087 3755 3140 3798 et
3183 3746 3371 3800 redar-

1849 3844 1974 3907 guet
2012 3837 2240 3890 humiles
2270 3843 2457 3898 terrae,
2507 3843 2560 3889 et
2584 3836 2910 3904 critjustitia
2936 3835 3204 3904 cingulum
3238 3836 3373 3888 lum-

1849 3928 2035 3981 borum
2068 3925 2186 3993 ejus
2210 3964 2225 3989 ,
2259 3933 2312 3980 et
2337 3926 2535 3979 veritas
2559 3925 2926 3979 indumentum
2958 3926 3180 3978 laterum
3211 3925 3371 3991 ejus;

1850 4025 1902 4071 et
1929 4026 2175 4085 pascetur
2194 4015 2354 4070 simul
2376 4017 2532 4084 lupus
2554 4031 2675 4071 cum
2701 4031 2838 4085 agno
2859 4053 2873 4078 ,
2905 4023 2958 4069 et
2982 4015 3181 4083 pardus
3212 4016 3372 4069 simul

1848 4103 2089 4170 quiescet
2114 4116 2235 4155 cum
2258 4102 2439 4162 haedo,
2473 4111 2527 4155 et
2556 4103 2756 4157 vitulus
2784 4112 2837 4155 et
2866 4103 2962 4156 bos
3003 4110 3055 4156 et
3095 4104 3178 4155 leo
3214 4104 3370 4156 simul

1849 4198 2132 4258 pascentur
2158 4207 2171 4242 :
2204 4189 2361 4243 simul
2398 4191 2735 4258 requiescent
2764 4192 2927 4243 catuli
2956 4206 3139 4244 eorum
3164 4229 3179 4250 .
3214 4202 3261 4245 et
3292 4193 3373 4245 leo

1847 4280 1997 4348 quasi
2021 4280 2116 4334 bos
2144 4279 2384 4333 comedet
2409 4282 2608 4349 paleas.
2641 4280 2703 4332 Et
2728 4280 3076 4334 delectabitur
3098 4279 3276 4334 infans
3304 4282 3372 4336 ab

214 4371 414 4442 ταῦρος
463 4370 557 4423 καὶ
613 4370 745 4423 λέων
778 4369 889 4439 ἅμα
931 4369 1364 4440 βοσκηθήσονται,
1405 4372 1494 4423 καὶ
1529 4372 1641 4440 ἅμα
1680 4372 1746 4426 τὰ

1848 4372 2008 4424 ubere
2053 4384 2213 4439 super
2262 4370 2521 4423 foramine
2556 4370 2793 4437 aspidis,
2838 4377 2891 4424 et
2929 4371 2981 4422 in
3026 4384 3256 4424 caverna
3289 4386 3373 4426 re-

215 4461 404 4514 παιδία
451 4459 626 4511 αὐτῶν
670 4458 893 4520 ἔσονται,
948 4460 1038 4509 καὶ
1080 4458 1211 4510 λέων
1247 4459 1320 4522 ὠς
1358 4458 1481 4527 βοῦς
1521 4462 1744 4527 φάγεται

216 4550 413 4622 ἄχυρα,
446 4551 540 4603 καὶ
581 4548 786 4601 παιδίον
809 4550 994 4617 νήπιον
1018 4549 1106 4600 ἐπὶ
1136 4548 1376 4619 τρώγλην
1402 4549 1634 4602 ἀσπίδων
1659 4552 1751 4603 καὶ

220 4642 311 4694 ἐπὶ
339 4643 527 4710 κοίτην
560 4639 789 4707 ἐγγόνων
820 4637 1052 4689 ἀσπίδων
1076 4637 1170 4707 τὴν
1199 4641 1350 4709 χεῖρα
1377 4639 1635 4703 ἐπιϐαλεῖ,
1661 4641 1750 4692 καὶ

218 4732 278 4784 ’δύ
306 4732 379 4803 μὴ
404 4726 983 4797 κακοποιήσωσιν,ούδὲ
1011 4726 1082 4796 μὴ
1111 4726 1361 4781 δύνωνται
1381 4730 1633 4783 ἀπολέσαι
1666 4731 1751 4783 ού-

219 4820 340 4873 δένα
368 4821 461 4873 ἐπὶ
478 4820 539 4871 τὸ
570 4818 692 4888 ὅρος
716 4816 775 4868 τὸ
799 4817 947 4883 ἀγιόν
974 4833 1091 4885 μου,
1121 4817 1200 4869 ὅτι
1227 4818 1522 4889 ἐνεπλήσθη
1549 4823 1581 4889 ἡ
1612 4821 1748 4889 σύμ-

222 4928 364 4963 πασα
390 4912 461 4980 γῆ
485 4909 577 4961 τοῦ
598 4906 793 4975 γνῶναι
814 4907 903 4958 τὸν
925 4906 1142 4977 Κύριον,
1158 4906 1232 4969 ὡς
1262 4908 1401 4978 ὕδωρ
1430 4909 1559 4961 πολὺ
1587 4927 1748 4962 κατα-

223 5000 450 5068 καλύψαι
481 4997 765 5057 θαλάσσας
806 4996 898 5047 καὶ
929 4996 1075 5048 ἐσται
1105 4998 1161 5047 ἐν
1196 4998 1260 5065 τῇ
1294 4996 1472 5066 ἡμέρᾳ⁵
1502 4997 1679 5067 ἐκείνῃ
1714 5000 1748 5067 ή

225 5087 342 5155 ,όίζα
375 5088 466 5141 τοῦ
515 5086 726 5144 Ἰεσσαὶ.
759 5085 849 5137 καὶ
879 5086 907 5136 ὁ
951 5084 1294 5153 ἀνιστάμενος
1336 5084 1519 5154 ἄρχειν
1564 5086 1746 5148 ἐθνῶν,

223 5176 304 5227 ἐπ’
333 5176 478 5246 αυτῷ
516 5175 642 5243 ἔθνη
673 5173 930 5236 ἐλπιοῦσι,
964 5173 1056 5225 καὶ
1079 5173 1225 5225 ἔσται
1258 5175 1291 5242 ή
1323 5172 1618 5237 ἀνάπαυσις
1649 5175 1747 5231 αύ-

225 5265 313 5318 τοῦ
353 5269 503 5336 τιμή.
537 5284 556 5316 ι
605 5264 722 5317 Οὐδ’
766 5264 914 5316 αὐτοὶ
952 5264 1001 5315 οἰ
1035 5264 1097 5315 ἐκ
1125 5261 1416 5331 περιτομῆς
1446 5259 1596 5313 ἄλλον
1631 5263 1747 5317 τινὰ

228 5354 314 5406 τοῦ
356 5353 587 5427 Χριστοῦ
625 5352 715 5405 τὸν
754 5351 980 5404 ἐνταῦθα
1028 5351 1488 5424 προφητευόμενον
1536 5350 1748 5423 ὑπειλή-

232 5458 375 5509 φασι,
405 5443 541 5512 πλὴν
568 5442 687 5495 ὅσον
716 5439 806 5490 ἐπὶ
828 5438 951 5508 ψιλῇ
983 5441 1050 5506 τῇ
1080 5439 1177 5507 τῆς
1208 5435 1533 5507 προφητείας
1559 5437 1743 5510 ἔκδοχῇ

237 5530 669 5600 σωματικὼτερον
714 5527 922 5578 ἔσεσθαι
965 5526 1343 5595 φανταζόμενοι
1387 5522 1452 5575 τὰ
1490 5526 1622 5581 κατά
1660 5529 1745 5580 τὸν

308 5683 497 5741 ‘Dcut.
526 5697 695 5745 χχιιι,
721 5679 806 5732 21.
880 5684 897 5711 ²
925 5679 1024 5735 lsa.
1060 5697 1110 5744 Χ,
1146 5680 1229 5741 55,
1257 5678 1457 5740 51;“,
1488 5677 1625 5731 HO.

1847 4460 1954 4529 guli
1979 4502 1993 4524 ,
2035 4460 2126 4527 qui
2160 4460 2454 4515 ablactatus
2492 4459 2653 4514 fuerit
2678 4501 2692 4523 ,
2735 4475 2947 4514 manum
2991 4476 3142 4514 suam
3181 4463 3370 4517 mittet.

1850 4548 1964 4601 Non
1995 4549 2296 4609 nocebunt,
2331 4557 2385 4601 et
2417 4564 2522 4601 non
2553 4550 2797 4603 occident
2830 4550 2881 4602 in
2915 4550 3168 4603 universo
3196 4560 3375 4605 monte

1851 4640 2033 4686 saneto
2059 4649 2178 4687 meo
2204 4652 2217 4687 :
2250 4638 2374 4702 quia
2406 4635 2607 4703 repleta
2638 4644 2720 4688 est
2751 4644 2891 4688 terra
2935 4637 3157 4688 scientia
3192 4636 3375 4689 Domi‘

1850 4723 1901 4775 ni
1924 4760 1938 4782 ,
1971 4722 2108 4774 sicut
2136 4736 2286 4791 aquae
2310 4723 2475 4775 maris
2504 4723 2824 4790 operientes.
2860 4721 2921 4771 Et
2948 4721 3051 4772 erit
3081 4722 3134 4771 in
3164 4721 3252 4773 die
3284 4722 3371 4772 illa

1850 4814 2002 4868 radix
2052 4812 2234 4876 Jesse,
2281 4822 2333 4867 et
2371 4814 2462 4882 qui
2509 4815 2682 4881 surgit
2722 4824 2778 4864 ut
2828 4812 3048 4877 imperet
3093 4811 3374 4876 gentibus,

1849 4905 2023 4971 ipsum
2073 4911 2256 4970 gentes
2299 4902 2748 4970 deprecabuntur,
2810 4908 2865 4951 et
2914 4898 3014 4949 erit
3071 4898 3379 4964 sepulcrum

1847 4995 1965 5062 ejus
1992 4993 2281 5061 gloriosum
2308 4996 2349 5045 ’.
2381 5012 2399 5043 ι
2426 4991 2607 5061 Neque
2632 4993 2730 5061 ipsi
2758 4989 2926 5043 Judaei
2953 4988 3114 5039 alium
3139 4988 3386 5053 quemvis

1847 5100 1910 5136 ac
1985 5084 2261 5137 Christum
2329 5084 2398 5136 ibi
2472 5083 2899 5152 prophetizatum
2960 5076 3389 5137 intellexerunt,

1848 5172 1952 5227 nisi
1992 5173 2245 5225 nimirum
2284 5172 2643 5240 corporaliter
2658 5177 2888 5236 accepta
2915 5165 3075 5232 hujus
3099 5162 3397 5230 prephetize

1850 5263 2096 5332 simplice
2126 5262 2300 5316 littera
2320 5302 2336 5325 ,
2360 5263 2414 5315 in
2440 5262 2721 5315 Dominum
2750 5265 3007 5311 nostrum
3028 5252 3219 5305 Iesum
3242 5251 3401 5303 Chri-

1846 5362 1985 5408 stum
2009 5352 2162 5406 tidem
2186 5351 2438 5406 adhibere
2460 5359 2706 5406 renuant.
2729 5346 2857 5401 Nos
2894 5357 3023 5399 vero
3049 5338 3241 5391 «ninia
3261 5338 3412 5403 juxta

1847 5442 2172 5512 prophetiam
2220 5441 2380 5511 digna
2423 5456 2543 5496 esse
2585 5440 2695 5494 Deo
2729 5444 3075 5507 persuasum
3104 5427 3378 5480 habentes
3402 5462 3418 5486 ν

1845 5534 1909 5587 de
1970 5532 2207 5586 moribus
2254 5531 2529 5585 hominum
2575 5526 2905 5584 Salvator-is
2957 5516 3134 5578 nostri
3190 5513 3428 5565 adventu
