3952 6416
221 421 386 478 1213

1317 429 1601 486 Εειοωζ
1632 431 2099 487 ΡΒΟΡΗΕἸἸΟΑΞ.
2131 429 2256 484 LIB.
2294 428 2381 485 IV.

3264 435 3399 490 12H

166 592 173 595 ι
215 546 569 612 παρουσίαν,
596 548 657 598 ού
690 546 828 600 κατά
866 549 963 619 τήν
1001 548 1157 613 δόξαν
1184 548 1520 620 κρινοῦντος·
1561 569 1581 601 ι
1607 550 1773 622 Πρόσ-

1878 563 1997 603 cum
2030 546 2356 617 plenitudine
2386 548 2620 616 gentium
2652 548 2983 618 ingrediente
3017 561 3139 602 cum
3177 545 3396 613 reliquis

213 647 389 686 ωπον
427 635 537 703 γάρ
580 636 859 707 ἀνθρώπου
891 638 1018 701 Θεὸς
1042 642 1102 691 οὐ
1147 639 1441 709 λαμϐάνειο
1468 660 1486 693 ι
1514 640 1624 693 ἀλλ’
1663 641 1780 694 οὐδὲ

213 721 380 773 κατὰ
405 723 509 792 τὴν
531 724 714 776 λαλιάν
742 726 972 797 ἐλέγχων
988 745 1030 777 ’ί
1052 728 1283 791 Ἐτάξων
1309 728 1415 799 γάρ
1437 729 1547 780 ἐστι
1562 729 1781 799 καρδίας

212 812 329 862 καὶ
359 816 621 885 νεφροὺς,
658 816 747 867 καὶ
779 815 1135 885 διικνούμενος
1163 816 1286 885 ἄχρι
1320 815 1576 886 μερισμοῦ
1606 817 1781 885 ψυχῆς

215 901 327 951 καὶ
361 902 697 972 πνεύματος.
725 923 742 953 ι
784 905 892 956 Kal.
917 906 1005 955 ἐπὶ
1029 907 1092 973 τῇ
1139 905 1397 976 γενομένῃ
1437 907 1532 974 μὲν
1562 902 1650 958 οὖν
1680 908 1779 959 αύ-

211 988 326 1041 τοῦ
362 991 474 1060 ἤδη
501 993 758 1062 πρότερον
784 995 1049 1063 παρουσίᾳ
1083 993 1377 1063 ἐνεπλήσθη
1408 993 1482 1057 ὼς
1505 993 1713 1064 ἀληθῶς
1745 996 1778 1066 ή

222 1075 299 1145 γῆ
332 1077 443 1129 τοῦ
477 1079 673 1146 γνῶναι
696 1081 786 1132 τὸν
812 1079 1029 1150 Κύριον,
1067 1081 1287 1150 μηδενὸς
1336 1081 1396 1132 τὸ
1435 1082 1562 1151 πρὶν
1593 1083 1673 1135 ὅτι
1706 1082 1779 1153 μὴ

212 1165 427 1233 μόνων
461 1167 571 1221 τῶν
600 1170 663 1220 ἐκ
707 1170 1000 1239 περιτομῆς
1032 1170 1396 1236 γινωσκόντων
1421 1171 1608 1224 αὐτόν·
1659 1172 1777 1224 τότε

207 1253 279 1306 δδ
318 1258 433 1310 καὶ
464 1258 659 1326 μᾶλλον
687 1261 764 1320 είς
793 1258 963 1328 πέρας
982 1258 1271 1328 ἀχθήσεται
1289 1261 1322 1328 ή
1356 1260 1670 1329 προφητεία,
1691 1261 1776 1313 ὅτε

206 1342 320 1395 τοῦ
386 1345 751 1416 πληρώματος
803 1346 909 1398 τῶν
961 1346 1124 1398 ἐθνῶν
1168 1345 1488 1409 εἰσελθόντος
1526 1348 1620 1399 σὺν
1667 1349 1777 1409 τοῖς

206 1433 450 1498 λοιποῖς
471 1436 644 1489 ἔθνεσι
674 1440 765 1489 καὶ
800 1441 827 1491 ό
859 1441 962 1500 πᾶς
1007 1436 1213 1507 Ἰσραὴλ
1245 1436 1558 1506 σωθήσεται,
1592 1440 1619 1488 ὁ
1650 1438 1779 1505 Χρι-

206 1524 361 1585 στὺς
397 1525 460 1578 δέ
499 1529 561 1579 ἐκ
603 1528 804 1597 νεκρῶν
843 1527 1073 1589 ἀναστὰς
1104 1528 1286 1597 ἄρχειν
1324 1510 1513 1579 ἐθνῶνλ
1542 1528 1644 1578 ὑπὸ
1684 1526 1775 1578 τοῦ

204 1611 374 1665 θεοῦ
435 1616 769 1682 κατεστάθη,
806 1617 940 1670 κατά
966 1617 1052 1679 τὸ,
1097 1635 1115 1667 ι
1138 1615 1244 1668 Kal
1282 1615 1427 1667 ἔσται
1456 1617 1488 1683 ή
1523 1614 1644 1686 ῥίζα
1683 1613 1775 1666 τοῦ

1882 639 2129 709 gentibus
2149 646 2202 692 et
2219 638 2392 692 omnis
2413 635 2577 690 Israel
2601 637 2910 699 salvabitur,
2930 636 3177 690 Christus
3201 648 3232 686 a
3252 648 3397 686 mor-

1883 732 1988 785 tuis
2016 743 2301 797 resurgens
2329 727 2591 796 imperare
2621 726 2868 795 gentibus
2890 741 2919 777 a
2944 725 3048 779 Deo
3073 724 3397 778 constitutus

1880 828 1983 882 est,
2009 818 2161 886 juxta
2188 815 2317 869 illud
2351 834 2364 868 :
2391 833 2409 865 ι
2433 814 2496 868 Ει
2519 815 2619 868 erit
2650 813 2794 867 radix
2824 813 2969 868 Jesse
2988 855 3002 877 ,
3033 823 3085 868 et
3108 814 3199 882 qui
3226 813 3396 882 surgit

1882 914 1939 959 ut
1963 907 2188 980 imperet
2218 904 2463 973 gentibus
2487 920 2501 966 ;
2535 904 2591 955 in
2621 917 2684 956 eo
2709 911 2892 970 gentes
2920 903 3223 969 sperabunt.
3253 920 3273 954 ι
3300 902 3396 954 At-

1880 995 2039 1048 tende
2074 994 2236 1059 igitur
2276 992 2541 1062 quomodo
2579 1006 2686 1044 non
2725 991 2812 1043 hic
2847 990 3036 1052 Israel,
3075 999 3166 1044 aut
3198 990 3393 1054 Iacob,

1881 1091 1974 1136 aut
2004 1083 2170 1137 Judas
2196 1083 2561 1147 nominentur,
2593 1082 2686 1136 sed
2724 1088 2903 1150 aperte
2941 1088 3151 1149 gentes,
3182 1081 3233 1133 in
3270 1095 3391 1135 eum

1882 1171 1974 1240 qui
2006 1180 2187 1239 surget
2236 1171 2302 1225 de
2344 1169 2523 1224 radice
2568 1167 2747 1232 Jcsse,
2798 1176 3086 1237 speratum:
3128 1168 3396 1237 propheti-

1881 1269 2093 1321 mtur,
2125 1267 2455 1314 consonante
2485 1258 2584 1311 hoc
2610 1260 2727 1311 loco
2755 1272 2876 1311 cum
2908 1259 2974 1311 iis
2997 1260 3133 1325 apud
3165 1256 3395 1327 Moysem

1880 1349 2182 1404 (ﬁcentibus
2207 1369 2219 1403 :
2249 1368 2268 1400 ι
2300 1349 2413 1403 Non
2453 1350 2720 1404 auferetur
2754 1355 3020 1417 sceptrum
3048 1346 3114 1401 de
3141 1345 3309 1409 Juda,
3340 1355 3394 1401 et

1879 1439 1991 1493 dux
2027 1439 2093 1493 de
2128 1439 2327 1494 femore
2362 1439 2513 1508 ejus,
2553 1439 2722 1493 donec
2758 1439 2936 1499 veniat
2971 1438 3061 1505 qui
3106 1435 3394 1490 mittendus

1879 1538 1994 1592 est,
2030 1536 2083 1581 et
2112 1529 2225 1596 ipse
2255 1529 2356 1582 erit
2384 1530 2711 1598 exspectatio
2741 1528 2972 1597 gentium
3004 1528 3019 1556 ί
3041 1566 3056 1590 ,
3090 1546 3108 1576 ι
3132 1541 3238 1579 non
3268 1539 3396 1580 vero

1880 1615 2064 1670 Israel.
2102 1616 2397 1685 Cujusnam
2432 1630 2558 1670 vero
2594 1617 2734 1669 alius
2768 1616 2869 1669 erit
2904 1615 3111 1682 requies
3149 1614 3201 1666 in
3247 1614 3396 1668 altis—

221 1702 461 1756 Ἰεσσαὶ
491 1706 581 1756 καὶ
613 1708 641 1757 ὁ
661 1705 720 1767 (ί.
742 1706 830 1774 49)
858 1706 1202 1775 ἀνιστάμενος
1247 1704 1428 1775 ἄρχειν
1466 1704 1629 1757 ἐθνῶν
1651 1743 1666 1767 ,
1691 1704 1773 1756 ἐπ’

1880 1708 2031 1763 simis
2068 1707 2211 1776 apud
2251 1706 2415 1761 Deum
2446 1707 2742 1768 honorata,
2776 1706 2881 1759 nisi
2910 1705 3051 1757 illius
3078 1704 3164 1771 qui
3193 1714 3395 1773 patrem

202 1791 391 1861 αὐτῷ
434 1793 560 1862 ἔθνη
607 1794 893 1848 ἐλπιοῦσιν.
918 1815 936 1846 ο
968 1796 1103 1864 Ὅρα
1159 1794 1318 1861 γοῦν,
1360 1795 1434 1858 ὠς
1482 1796 1585 1848 οὐδ’
1644 1796 1773 1856 ὅλως

1880 1799 2085 1852 audivit
2106 1798 2368 1852 dicentem
2388 1797 2490 1852 sibi
2514 1816 2527 1850 :
2556 1814 2574 1847 ι
2606 1794 2743 1850 Sede
2764 1810 2793 1847 a
2822 1794 3022 1849 dextris
3046 1794 3211 1853 meis.
3228 1795 3395 1848 donec

194 1883 481 1936 ἐνταῦθα
516 1884 741 1953 Ἰσραήλ,
784 1885 815 1954 ἢ
855 1883 1063 1947 Ἰακὼϐ,
1103 1884 1136 1953 ἢ
1195 1883 1386 1946 Ἰούδας
1431 1883 1773 1953 ὀνομάζεται,

1880 1902 2070 1955 ponam
2089 1886 2337 1939 inimicos
2358 1893 2479 1939 tuos
2515 1884 2801 1938 scabellum
2827 1882 3017 1950 pedum
3047 1890 3258 1934 tuorum
3283 1880 3341 1932 ’3
3369 1898 3391 1931 ι

204 1974 430 2041 σαφῶς
467 1974 524 2026 δὲ
554 1974 622 2026 τὰ
667 1975 789 2044 ἐθνη
818 1976 905 2026 ἐπὶ
930 1976 1019 2026 τὸν
1059 1977 1122 2026 ἐκ
1155 1973 1307 2045 ῥίζης
1337 1975 1756 2047 ἀναστησόμενον
1786 1978 1978 2029 Ἰεσσαὶ
2013 1977 2213 2030 ἐλπιείν
2251 1974 2660 2047 προφητεύεται,
2696 1970 3010 2041 συναδούσης
3043 1970 3139 2039 τῆς
3171 1966 3396 2022 ἐνταῦθα

201 2060 436 2126 λέξεως
463 2064 528 2132 τῇ
576 2063 723 2132 ποιρά
767 2064 983 2115 Μωῡσεῖ
1027 2062 1318 2134 φασκούσῃ,
1348 2063 1495 2115 «Οὐκ
1527 2064 1757 2133 ἐκλείψει
1796 2066 1972 2136 ἄρχων
2004 2066 2061 2131 ἐξ
2103 2065 2287 2127 Ἰούδα,
2324 2065 2441 2117 οὐδὲ
2479 2061 2767 2132 ἡγούμενος
2814 2063 2877 2113 ἐκ
2919 2060 3024 2112 τῶν
3066 2057 3250 2129 μηρῶν
3299 2057 3394 2111 αὑ·-

201 2151 342 2214 τοῦ,
390 2149 502 2213 ἕως
528 2151 592 2204 ἂν
627 2152 749 2222 ἔλθῃ
788 2147 831 2218 ᾧ
875 2154 1187 2205 ἀπόκειται·
1222 2154 1313 2206 καὶ
1354 2154 1512 2218 αὐτὸς
1558 2157 1867 2226 προσδοκία,
1894 2178 1912 2210 ι
1941 2159 2058 2227 οὐχὶ
2084 2156 2176 2210 τοῦ
2226 2156 2455 2227 Ἰσραὴλ,
2491 2153 2624 2208 ἀλλά
2665 2173 2683 2205 ι
2710 2153 2812 2206 τῶν
2848 2151 3030 2205 ἐθνῶν.
3060 2171 3077 2202 ι
3109 2152 3217 2203 Kal
3255 2149 3394 2212 τίνος

202 2241 272 2293 δὲ
332 2241 511 2293 ἄλλου
567 2243 599 2310 ὴ
649 2243 945 2304 ἀνάπαυσις
990 2244 1046 2293 ἐν
1093 2244 1158 2312 τῇ
1225 2242 1477 2296 ἀνωτάτω
1528 2245 1678 2314 παρά
1721 2245 1836 2316 Θεῷ
1872 2247 2154 2316 γεγένηται
2202 2246 2417 2316 τιμῇ,ἢ
2471 2243 2563 2296 τοῦ
2603 2242 2925 2304 ἀκούσαντος
2967 2241 3207 2309 λέγοντος
3250 2238 3395 2310 αὐτῷ

202 2331 313 2384 τοῦ
349 2332 605 2402 Πατρόςο
636 2351 655 2383 ι
677 2333 855 2386 Κάθου
882 2336 944 2386 ἐκ
961 2334 1143 2400 δεξιῶν
1169 2352 1288 2403 μου,
1320 2335 1423 2398 ἕως
1457 2336 1522 2390 ἂν
1549 2335 1624 2388 θῶ
1647 2338 1771 2401 τοὺς
1809 2338 2029 2409 ἐχθρούς
2062 2354 2154 2391 σου
2189 2337 2468 2391 ὑποπόδιον
2496 2334 2604 2388 τῶν
2639 2334 2811 2387 ποδῶν
2846 2350 2958 2385 σου.
3000 2352 3017 2383 ι

761 2446 1145 2499 ΚΕΦΑΛΑῘΟΝ
1189 2445 1263 2499 Θ¹.

2477 2444 2702 2502 CAPUT
2738 2443 2829 2497 IX.

291 2549 315 2581 ι
348 2531 471 2583 Kal.
507 2529 914 2600 διορθωθήσεται
949 2532 1060 2600 μετ’
1090 2532 1268 2594 ἐλέους
1299 2533 1497 2604 θρόνος,
1528 2535 1619 2587 καὶ
1643 2536 1773 2589 καθ-

1952 2556 1972 2587 (
2001 2536 2065 2591 Ει
2094 2535 2474 2606 pmparabitur
2499 2536 2553 2587 in
2578 2530 2945 2587 misericordia
2972 2530 3162 2584 solium
3182 2566 3196 2591 ,
3220 2535 3275 2582 et
3302 2543 3391 2584 se-

203 2624 395 2674 ιείται
458 2622 573 2689 μετ’
622 2620 742 2690 (sic)
806 2620 968 2673 αὑτοῦ
1019 2623 1154 2691 μετὰ
1201 2623 1452 2694 ἀληθείας
1508 2628 1563 2678 ἐν
1610 2630 1773 2698 σκηνῇ

1876 2627 2021 2682 debit
2044 2643 2203 2696 super
2228 2626 2357 2679 illud
2386 2626 2439 2678 in
2465 2624 2686 2678 veritate
2704 2661 2720 2685 ,
2744 2623 2799 2674 in
2828 2620 3171 2674 tabernaculo
3193 2616 3356 2672 David
3373 2659 3388 2683 ,

202 2709 421 2773 Δαυῒδ,
458 2710 656 2780 κρίνων
687 2711 779 2763 καὶ
826 2709 1062 2778 ἐκζητῶν
1092 2715 1281 2781 κρῖμα,
1312 2714 1403 2765 καὶ
1429 2714 1664 2768 σπεύδων
1706 2716 1773 2768 δι-

1873 2716 2122 2787 judicans
2149 2722 2201 2768 et
2230 2729 2472 2783 quaerens
2502 2712 2782 2781 judicium,
2812 2718 2864 2763 et
2894 2709 3146 2762 velociter
3164 2706 3394 2761 reddens

205 2798 557 2867 καιοσύνην.
588 2816 607 2848 ›
639 2798 768 2867 Περὶ
796 2799 891 2867 τῆς
918 2798 1167 2869 δευτέρας
1196 2800 1286 2852 τοῦ
1320 2802 1546 2872 Χριστοῦ
1579 2819 1773 2873 παρου-

1878 2807 2018 2876 quod
2045 2806 2252 2874 justum
2277 2811 2360 2858 est
2388 2805 2429 2859 ³.
2459 2822 2478 2854 ι
2503 2801 2576 2854 De
2606 2800 2837 2855 secunda
2856 2798 3059 2853 Christi
3085 2796 3393 2850 manifesta-

203 2890 354 2952 σίας
396 2886 694 2941 καὶταῦτα
738 2889 1146 2958 προφητεύεται,
1194 2891 1422 2959 ὁπηνίκα
1451 2891 1543 2943 τοῦ
1590 2892 1720 2945 Θεοῦ
1746 2894 1773 2946 ό

1876 2896 2024 2949 tione
2051 2894 2164 2948 haec
2190 2908 2400 2963 quoque
2427 2891 2882 2961 prophetizantur,
2910 2888 3121 2958 quando
3151 2887 3241 2940 Dei
3262 2885 3396 2942 Var-

203 2978 435 3045 Λόγος,
463 2975 838 3046 διορθωθείσης
887 2977 1031 3045 αὐτῷ
1068 2981 1182 3047 μετ’
1223 2979 1398 3042 ἐλέους
1444 2981 1536 3032 καὶ
1589 2982 1771 3048 φιλαν-

1876 2984 2002 3039 bum
2024 3022 2039 3047 ,
2078 2991 2376 3053 praeparato
2413 2982 2461 3036 ei
2499 2981 2557 3034 in
2592 2979 2957 3034 misericordia
2989 2984 3042 3031 et
3069 2976 3394 3045 benignitate

204 3067 490 3137 θρωπίας
532 3067 627 3133 τῆς
659 3064 795 3116 κατὰ
833 3065 1042 3117 πάντων
1088 3066 1386 3134 βασιλείας,
1423 3070 1517 3121 σὺν
1555 3069 1773 3141 ἀληθείᾳ

1875 3076 2112 3128 omnium
2141 3074 2441 3144 principatu
2462 3113 2477 3137 ,
2511 3086 2631 3126 cum
2657 3070 2880 3125 veritate
2902 3068 3152 3137 judicans
3189 3066 3395 3121 sedebit

201 3157 441 3226 κρίνων
482 3151 861 3221 καθεσθήσεται
906 3155 961 3205 ἐν
993 3157 1160 3223 σκηνῇ
1193 3155 1379 3206 Δαυῖδο
1413 3155 1551 3207 οὕτω
1594 3157 1650 3209 δὲ
1682 3160 1773 3229 τὴν

1876 3164 1931 3243 in
1961 3164 2304 3217 tabernaculo
2330 3162 2515 3215 David.
2555 3160 2642 3215 Sic
2674 3170 2850 3216 autem
2882 3167 3188 3216 sanctorum
3217 3166 3270 3212 et
3297 3172 3398 3211 an-

200 3247 336 3300 τῶν
374 3242 550 3309 ἁγίων
577 3244 667 3294 καὶ
697 3242 1042 3311 πρωτοτόκων
1071 3243 1175 3295 τῶν
1198 3244 1689 3315 ἀπογεγραμμένων
1717 3248 1773 3300 ἐν

1873 3242 2139 3319 tiquorum
2174 3250 2227 3303 in
2251 3250 2404 3303 caelis
2431 3250 2808 3317 inscriptorum
2839 3248 3161 3309 Ecclesiam,
3188 3259 3393 3299 omnes-

199 3333 494 3405 οὐρανοῖς
540 3330 873 3398 Ἐκκλησίαν,
903 3332 993 3383 καὶ
1025 3333 1227 3394 πάντας
1250 3332 1482 3403 ἠγοῦμαι
1528 3336 1651 3397 τοὺς
1673 3335 1776 3388 ὑπὸ

194 3423 321 3493 τὴν
365 3416 563 3488 μερίδα
591 3415 683 3468 τοῦ
714 3416 868 3483 λόγου
892 3416 985 3468 τοῦ
1011 3416 1141 3469 Θεοῦ
1172 3418 1576 3488 γεγενημένους,
1595 3419 1776 3486 ἀγίους

200 3506 621 3585 χρηματίζειν.

780 3615 1164 3667 ΚΕΦΑΛΑΙΟΝ
1198 3616 1232 3667 ιο

298 3725 320 3757 ε
371 3703 522 3757 Ἰδοὺ
543 3703 743 3773 Κύριος
774 3704 1001 3775 κάθηται
1033 3706 1123 3757 ἐπὶ
1162 3704 1383 3775 νεφέλης
1414 3705 1649 3775 κούφης,
1684 3706 1774 3759 καὶ

202 3799 346 3869 ἣξει
387 3796 471 3857 είς
520 3793 806 3861 Αἴγυπτον,
838 3795 929 3847 καὶ
976 3795 1308 3864 σεισθήσεται
1338 3794 1403 3846 τὰ
1436 3794 1774 3864 χειροποίητα

206 3884 514 3954 Αἰγύπτου
541 3883 646 3935 ἀπὸ
674 3882 957 3953 προσώπου
988 3884 1170 3947 αὑτοῦ,
1205 3884 1297 3936 καὶ
1324 3885 1355 3952 ή
1390 3883 1577 3953 καρδία
1602 3883 1773 3936 αὐτῶν

204 3970 601 4044 ήττηθήσεται
634 3972 690 4022 ἐν
715 3972 912 4033 αὐτοῖς.
944 3991 963 4023 ι
990 3971 1120 4041 Περὶ
1147 3970 1241 4040 τὴς
1273 3971 1528 4040 ἀγενήτου
1554 3970 1644 4022 τοῦ
1667 3970 1773 4023 τῶν

206 4065 370 4118 ὅλων
396 4059 531 4113 Θεοῦ
563 4059 771 4127 φύσεως
804 4059 1154 4129 ἐκλαμϐάνειν
1194 4060 1262 4112 τὰ
1304 4060 1661 4130 προκείμενα,
1698 4060 1772 4125 ὡς

206 4155 286 4223 δὴ
351 4149 637 4220 μέλλοντος
679 4149 840 4202 αὐτοῦ
883 4149 1073 4219 νεφέλῃ
1126 4149 1230 4201 τινὶ
1271 4148 1537 4218 ὀχεῖσθαι,
1572 4148 1665 4201 καὶ
1705 4152 1771 4219 τῇ

208 4254 422 4309 σωματ
432 4238 519 4306 ικῇ
541 4237 805 4306 παρεπιδη
815 4239 929 4306 μεῖν
949 4236 1221 4306 Δίγύπτῳ,
1241 4236 1359 4289 οὔτε
1394 4236 1635 4302 πιθανὸν,
1660 4232 1771 4289 οὗθ’

204 4332 375 4383 ὅσιον
408 4328 670 4397 ὑπάρχειν
705 4324 939 4395 ἡγοῦμαι
967 4343 979 4356 ·
1019 4326 1087 4378 δι’
1130 4327 1261 4396 ὅπερ
1295 4326 1384 4378 ἐπὶ
1411 4325 1499 4378 τὸν
1526 4325 1616 4378 τοῦ
1639 4325 1770 4378 Θεοῦ

208 4419 403 4485 Λόγον
434 4414 711 4467 ἐκδεκτέον
736 4413 830 4483 τὴν
844 4414 1189 4484 προφητείαν,
1217 4415 1310 4468 καὶ
1342 4414 1505 4485 αὐτὴν
1535 4415 1772 4486 ἐναργῶς

1871 3354 1977 3409 que
2002 3340 2248 3393 existimo
2288 3338 2436 3393 verbi
2468 3337 2559 3392 Dei
2588 3338 2997 3407 participatione
3036 3343 3250 3390 sanctos
3269 3332 3393 3390 σαο-

1872 3436 1989 3484 ctos
2016 3426 2304 3496 designari.

2466 3615 2690 3672 CAPUT
2725 3615 2791 3669 Χ.

1943 3724 1963 3759 ι
1996 3705 2135 3761 Ecce
2156 3703 2410 3759 Dominus
2438 3704 2585 3759 sedet
2614 3719 2773 3773 super
2803 3703 2942 3757 nube
2973 3700 3073 3755 levi
3093 3740 3108 3763 ,
3139 3711 3191 3757 et
3222 3704 3392 3759 veniet

1870 3792 1927 3847 in
1946 3791 2233 3862 Egyptum
2253 3809 2266 3844 :
2289 3798 2341 3844 et
2361 3797 2835 3845 commovebuntur
2852 3787 3155 3843 manufacta
3177 3788 3389 3860 Egypti

1870 3894 1901 3933 a
1930 3879 2065 3934 facie
2091 3880 2208 3948 ejus
2227 3918 2243 3944 ,
2268 3888 2322 3933 et
2347 3893 2442 3932 cor
2468 3892 2651 3932 eorum
2681 3877 2928 3932 vincetur
2954 3877 3010 3930 in
3041 3877 3175 3946 ipsis
3203 3878 3245 3933 ⁸.
3276 3896 3294 3931 ι
3319 3878 3391 3934 De

1869 3970 2112 4024 increata
2131 3969 2368 4023 omnium
2387 3967 2480 4022 Dei
2499 3973 2692 4020 natura
2712 3967 2824 4020 haec
2837 3966 3256 4037 accipere,quasi
3271 3983 3393 4023 ven-

1870 4066 1994 4113 turo
2024 4060 2140 4128 ipso
2167 4074 2327 4128 super
2354 4058 2495 4111 nube
2522 4056 2728 4125 aliqua,
2760 4066 2919 4126 atque
2970 4059 3025 4111 in
3060 4060 3389 4127 corporalem

1870 4147 2126 4203 accedere
2144 4147 2454 4218 Egyptum,
2469 4164 2642 4217 neque
2664 4147 2765 4201 ﬁde
2785 4148 3001 4217 dignum
3021 4188 3036 4211 ,
3066 4162 3238 4215 neque
3267 4149 3390 4202 reli-

1871 4240 2079 4308 giosum
2110 4254 2229 4293 esse
2255 4240 2522 4294 existimo.
2554 4239 2889 4309 Quapropter
2928 4239 2992 4293 ad
3030 4238 3123 4294 Dei
3156 4237 3387 4293 Verbum

1869 4328 2147 4382 referenda
2175 4336 2256 4382 est
2284 4329 2557 4397 prophetia
2582 4347 2596 4395 ;
2634 4337 2793 4398 atque
2824 4330 2939 4399 ipsa
2970 4327 3252 4383 manifeste
3276 4329 3389 4397 jam

1870 4425 2047 4491 priore
2071 4422 2189 4490 ejus
2223 4422 2451 4475 adventu
2486 4422 2700 4491 impleta
2727 4430 2842 4488 est,
2887 4436 2993 4490 quo
3047 4436 3208 4489 super
3251 4421 3392 4476 nube

207 4508 325 4580 ἥδη
358 4504 504 4558 κατὰ
530 4504 625 4573 τὴν
656 4504 915 4574 προτέραν
944 4505 1102 4557 αὑτοῦ
1121 4506 1412 4575 παρουσίαν
1433 4506 1771 4576 πεπερασμέ-

1873 4513 1991 4576 levi,
2043 4524 2203 4566 carne
2221 4512 2424 4566 scilicet
2444 4513 2493 4566 ei
2528 4488 2780 4580 a'Spiritu
2818 4488 3004 4566 sancto
3041 4488 3286 4576 formata,
3332 4512 3390 4567 in

208 4611 345 4668 νην,
377 4595 501 4648 καθ’
534 4594 600 4663 ἣν
624 4594 713 4646 ἐπὶ
730 4592 951 4662 νεφέλης
977 4593 1199 4663 κούφης,
1233 4595 1331 4663 τῆς
1373 4597 1436 4647 ἐκ
1466 4596 1769 4664 Πνεύματος

1873 4603 2004 4655 hanc
2025 4602 2209 4666 vitam,
2233 4600 2517 4671 A'ngptum
2544 4617 2638 4671 per
2664 4604 3019 4670 metaphoram
3041 4603 3385 4667 nominatam,

207 4685 385 4754 ἁγίου
424 4682 695 4750 συστάσης
738 4680 882 4749 αὐτῷ
922 4681 1137 4751 σαρκὸς,
1177 4685 1255 4745 εἰς
1298 4684 1388 4734 τὸν
1425 4683 1535 4752 βίον
1565 4683 1767 4748 τοῦτον,

209 4776 504 4843 Αἴγυπτον
534 4770 803 4843 τροπικῶς
850 4770 1254 4840 ὀνομαζόμενον,
1294 4774 1642 4843 παρελήλυθε,
1679 4776 1773 4829 καὶ

211 4866 304 4928 είς
344 4860 519 4929 αὐτὴν
550 4859 605 4911 δὲ
653 4858 969 4928 σωματικῶς
1012 4858 1107 4927 τὴν
1144 4858 1422 4925 Αἴγυπτον,
1462 4864 1540 4924 είς
1589 4863 1655 4932 ἢν
1692 4863 1771 4915 ἔτι

213 4954 357 5014 παῖς
384 4950 464 5001 ὦν
482 4948 615 5017 πρὸς
634 4947 733 5016 τῆς
763 4946 961 5016 μητρὸς
979 4946 1179 4999 καὶτοῦ
1208 4948 1399 5017 Ἰωσὴφ
1425 4948 1728 5022 διεκομίσθη
1750 4968 1763 4981 ·

208 5041 531 5117 τηνικαῦτα
579 5040 636 5093 δὲ
681 5040 820 5093 κατά
850 5057 994 5103 τινας
1042 5041 1377 5112 ἀπορρήτους
1406 5041 1589 5110 λόγους
1628 5045 1767 5097 ἐσεί-

1866 4688 2095 4758 prodiit,
2124 4696 2177 4742 et
2199 4689 2253 4742 in
2282 4690 2453 4757 ipsam
2484 4690 2830 4757 corporaliter
2858 4689 3163 4757 JEgyptum,
3189 4689 3243 4741 in
3259 4703 3383 4756 qua,

1867 4791 1987 4831 cum
2017 4776 2189 4830 adhuc
2215 4785 2359 4831 esset
2380 4792 2530 4845 puer,
2553 4791 2583 4828 a
2608 4783 2777 4829 matre
2805 4784 2857 4827 et
2883 4774 3077 4843 Joseph
3100 4774 3386 4843 perductus

1867 4873 1969 4920 est.
1992 4863 2143 4919 Tunc
2166 4874 2341 4918 autem
2360 4866 2512 4933 juxta
2535 4866 2772 4934 quaedam
2802 4864 3024 4934 mystica
3045 4864 3224 4929 verba,
3246 4878 3388 4917 com-

1863 4955 1989 5009 moti
2011 4963 2138 5007 sunt
2163 4954 2282 5021 ejus
2307 4954 2540 5008 adventu
2560 4954 2861 5008 conturbati
2901 4954 2989 5022 qui
3018 4953 3166 5021 prius
3193 4954 3386 5022 ubique

1861 5043 1917 5096 in
1949 5041 2269 5095 manufactis
2306 5042 2610 5097 simulacris
2648 5042 3014 5096 inhabitabant
3050 5047 3103 5094 et
3138 5042 3386 5110 vigebant

213 5114 436 5203 σθησαν
489 5114 583 5184 καὶ
624 5129 943 5200 ἐκινήθησαν
996 5130 1451 5200 ὐποταραχθέντες
1499 5134 1658 5186 αὑτοῦ
1699 5139 1765 5206 τῇ

1873 5130 2301 5195 dmmones.Quod
2316 5132 2525 5200 quidem
2542 5131 2838 5186 ostenditur
2851 5130 3061 5184 dicente
3074 5131 3347 5197 prophetia
3368 5151 3382 5186 :

211 5220 504 5299 παρουσίᾳ
535 5220 583 5272 oi
616 5222 671 5273 ἐν
698 5223 810 5283 τοῖς
832 5220 1127 5290 πανταχόσε
1154 5223 1538 5292 χειροποιήτοις
1570 5222 1768 5289 ξοάνοις

1873 5216 1925 5270 Et
1952 5219 2431 5273 commovebuntur
2459 5218 2766 5272 manufacta
2787 5217 3020 5287 Egypti.
3054 5235 3074 5266 ι
3107 5214 3231 5269 Haec
3260 5233 3389 5287 quo-

211 5309 563 5371 ὲνοικοῦντές
589 5324 647 5360 τε
675 5308 766 5360 καὶ
789 5308 1123 5378 ἐνεργοῦντες
1147 5310 1206 5362 τὸ
1230 5311 1485 5381 πρότερον
1500 5310 1761 5381 δαίμονες

1864 5323 1967 5377 que
1992 5323 2089 5377 per
2114 5307 2406 5363 secundum
2438 5309 2558 5377 ejus
2602 5318 2655 5364 et
2699 5311 3010 5378 praeclarum
3036 5309 3090 5361 in
3118 5308 3275 5361 cmlis
3304 5323 3389 5363 re-

208 5400 366 5477 ὅπερ
416 5392 665 5466 δηλοῦται
697 5394 782 5447 διὰ
809 5395 907 5464 τῆς
943 5394 1196 5465 λεγούσης
1236 5397 1581 5467 προφητείας,
1613 5416 1632 5449 ι
1657 5401 1766 5453 Kal.

1873 5413 2024 5468 gnum
2073 5398 2455 5468 implebuntur,
2486 5414 2595 5468 quo
2640 5407 2694 5454 et
2748 5399 2918 5468 ipsam
2947 5396 3390 5453 commovendam

210 5481 578 5554 σεισθήσεται
629 5482 696 5562 τά
751 5483 1093 5562 χειροποίητα
1137 5483 1424 5551 Αἰγύπτου.
1463 5503 1480 5535 ι
1506 5484 1683 5538 Ταῦτα
1708 5488 1765 5551 δὲ

1873 5503 2069 5561 equum
2117 5496 2278 5544 esset.
2326 5486 2390 5540 Et
2416 5496 2547 5544 tunc
2593 5490 2822 5543 maxime
2870 5486 3249 5543 conturbanda
3279 5490 3396 5544 haec

216 5573 325 5628 καὶ
350 5570 493 5625 κατὰ
527 5569 625 5639 τὴν
649 5560 900 5641 δευτέραν
932 5560 1090 5623 αὐτοῦ
1119 5573 1209 5626 καὶ
1243 5572 1446 5638 ἔνδοξον
1485 5573 1576 5627 ἀπ’
1605 5564 1765 5647 ούρα-

1873 5576 2182 5633 manul‘acta
2214 5576 2446 5649 Egypti,
2477 5593 2701 5648 quorum
2726 5592 2820 5632 cor
2843 5574 3213 5647 superabitur,
3239 5581 3305 5630 ut
3323 5575 3399 5630 ait

222 5725 243 5757 ⁸
274 5721 417 5779 Gen.
460 5721 712 5784 xttx.10.
789 5726 808 5754 '
830 5722 972 5778 Psal.
1001 5737 1108 5790 six,
1138 5723 1187 5778 1.
1263 5726 1282 5758 ³
1313 5725 1417 5780 lsa.
1448 5740 1555 5790 xvi,
1589 5727 1638 5781 5.
1718 5729 1738 5760 ⁵
1760 5727 1861 5783 lsa.
1888 5730 2010 5801 xu,"
2037 5747 2073 5784 ι.
