3952 6396
168 404 313 459 1217

1210 405 1492 462 ECLOGA:
1530 402 1993 459 PROPIIETIL‘A-Z.
2026 434 2091 443 --
2130 398 2251 455 LIB.
2293 397 2385 452 IV.

3212 402 3340 455 I‘ll8

159 518 371 581 τεκεῖν,
421 521 516 573 καὶ
555 522 644 572 ἐπὶ
687 525 750 591 τῇ
795 522 937 575 ὠδῖνι
981 525 1142 593 αὐτῆς
1182 522 1504 594 ἐκέκραξεν,
1548 520 1715 581 οὕτως

1815 514 2081 582 concepit,
2112 527 2230 566 cum
2259 509 2761 578 appropinquaverit
2790 511 2854 563 ad
2891 519 3123 579 partum,
3154 511 3341 565 dolens

158 607 512 678 ἐγενήθημεν
555 610 630 679 τῷ
664 611 948 682 Ἀγαπητῷ
994 630 1104 666 σου.
1140 630 1158 664 ι
1197 614 1490 682 Ἐπιγραφή
1530 628 1613 672 τις
1657 611 1713 660 ἐν

159 699 425 770 Ψαλμοῖς
454 720 472 753 ι
511 701 678 772 ’Υπὲρ
702 701 791 754 τοῦ
826 701 1119 771 ’Λγαπητοῦ
1157 723 1175 753 ι
1211 704 1459 772 φέρεται·
1490 703 1580 754 καὶ
1617 701 1716 753 πά-

159 788 527 861 λινρεῖρηται·
570 811 588 843 ι
629 793 684 845 '0
714 792 957 860 βασιλεὺς
999 794 1103 845 τῶν
1133 792 1403 861 δυνάμεων
1428 791 1516 843 τοῦ
1556 792 1714 857 Ἀγα-

158 880 347 949 πητοῦ
366 899 381 912 ο
425 901 443 932 ι
473 883 737 936 δείκνυται
771 883 814 935 δ’
846 884 902 936 ἐν
939 886 1046 946 τοῖς
1085 884 1263 946 τόποις
1289 883 1345 954 (ί.
1381 884 1467 953 50)
1499 884 1594 936 οὐκ
1626 882 1713 936 ἄλο

158 967 255 1031 λος
297 968 381 1022 ὢν
409 970 501 1023 τοῦ
543 971 771 1041 Χριστοῦ
811 972 1092 1041 λεγόμενος
1107 970 1403 1041 Ἀγαπητὸς
1438 971 1529 1024 τοῦ
1560 970 1714 1024 Θεοῦ.

160 1056 382 1112 Τούτου
435 1061 596 1128 χάριν
644 1059 1094 1131 ἐπεσημηνάμεοα
1156 1060 1246 1111 καὶ
1296 1059 1384 1112 τὸν
1426 1062 1482 1113 ἐν
1536 1061 1716 1130 χερσὶν

158 1146 461 1216 ἀγαπητόν
480 1172 491 1180 ·
540 1149 698 1203 αὐτὸν
746 1152 943 1203 ἐκεῖνον
980 1148 1435 1218 ὑπολαμϐάνοντες
1475 1144 1628 1212 εἶναι,
1660 1149 1718 1201 δν

159 1235 258 1287 καὶ⁸
307 1236 375 1299 ἐξ
420 1237 646 1306 ούρανοῦ
687 1237 831 1307 φωνή
893 1236 1074 1304 σαφῶς
1131 1236 1420 1306 ἀνεκήρυξε
1476 1236 1714 1304 φήσασα·

165 1341 186 1372 ι
230 1316 416 1388 οὗτός
460 1328 603 1379 ἐστιν
645 1326 672 1377 ὁ
712 1327 832 1387 Υἱός
879 1343 974 1395 μου
1022 1328 1049 1377 ὀ
1093 1325 1385 1394 ἀγαπητὸς,
1414 1326 1469 1377 ἐν
1499 1318 1541 1390 ᾧ
1572 1324 1718 1375 εὐδό-

161 1429 343 1483 κησα.
391 1433 409 1464 ι

696 1504 1074 1555 ΚΕΦΑΛΑΙΟΝ
1119 1503 1213 1554 II".

203 1597 208 1601 ’
239 1608 262 1640 ‹
303 1591 606 1644 Ἀκούσατε
625 1590 789 1658 λόγων
810 1591 1027 1661 Κυρίου,
1050 1590 1230 1660 ἄνδρες
1251 1590 1603 1660 τεθλιμμένοι,
1625 1591 1719 1666 καὶ

158 1681 445 1751 ἄρχοντες
473 1680 708 1749 τοῦζλαοῦ
732 1680 935 1744 τούτου,
955 1683 1000 1733 oi
1026 1683 1080 1732 ἐν
1107 1681 1446 1750 Ἰερουσαλήμ
1462 1697 1474 1709 ·
1506 1680 1627 1733 Ὀτι
1654 1682 1723 1733 εί-

160 1786 340 1822 πατε·
361 1771 721 1845 Ἐ’ποιήσαμεν
736 1770 986 1839 διαθήκην
1007 1768 1139 1839 μετὰ
1171 1768 1261 1820 τοῦ
1302 1769 1564 1838 ᾆδου,’καὶ
1582 1771 1713 1839 μετὰ

156 1855 256 1909 τοῦ
282 1855 530 1909 Θανάτου
553 1856 813 1927 συνθήκας
829 1873 841 1886 ·
865 1858 1108 1924 καταιγὶς
1124 1857 1386 1928 φερομένη
1407 1856 1501 1911 ἐὰν
1525 1859 1719 1928 παρέλ-

158 1946 252 2019 θῃ,
280 1948 351 1999 οὐ
376 1947 452 2017 μὴ
477 1947 600 2019 ἔλθῃ
627 1949 707 2015 ἐφ’
733 1949 873 2017 ήμᾶς
889 1964 901 1976 ·
924 1947 1191 2018 ἐθήκαμεν
1216 1947 1403 2017 ψεῦδος
1421 1949 1517 2017 τήν
1537 1950 1722 2002 ἐλπίδα

158 2034 353 2105 ήμῶν,
372 2036 468 2089 καὶ
485 2035 754 2105 τῷνψεύδει
776 2037 1264 2106 σκεπασθησόμεθα·
1286 2037 1370 2089 διὰ
1383 2037 1538 2090 τοῦτο
1557 2037 1723 2101 οὕτως

157 2114 316 2194 λέγει
344 2126 552 2196 Κύριος
584 2126 780 2195 Κύριος
807 2144 820 2158 ·
840 2128 966 2179 Ἰδοὺ
1009 2125 1117 2195 ἐγὼ
1161 2127 1405 2197 ἐμϐάλλω
1431 2129 1507 2190 εἰς
1538 2129 1601 2181 τὰ
1636 2129 1721 2181 θε-

163 2215 343 2284 μέλια
376 2214 515 2267 Σιὼν
545 2214 683 2267 λίθον
725 2215 999 2285 πολυτελῆ,
1030 2216 1294 2277 ἐκλεκτὸν,
1323 2218 1720 2287 ἀκρογωνιαῖον,

159 2303 396 2372 ἔντιμον
446 2305 525 2364 είς
571 2302 636 2354 τὰ
677 2301 892 2371 θεμέλια
934 2305 1117 2373 αὐτῆς,
1160 2306 1252 2357 καὶ
1280 2306 1308 2356 ὁ
1337 2306 1595 2359 πιστεύων
1638 2308 1720 2360 ἐπ’

158 2392 317 2463 αὑτῷ
358 2392 425 2445 οὐ
474 2391 546 2462 μὴ
584 2392 965 2462 καταισχυνθῇ·
999 2394 1091 2446 καὶ
1124 2394 1271 2465 θήσω
1310 2397 1485 2463 κρίσιν
1532 2398 1609 2459 είς
1649 2398 1723 2449 ἐλ-

160 2483 320 2545 πίδα,
354 2485 393 2553 ἡ
422 2482 480 2534 δὲ
507 2481 831 2552 ἐλεημοσύνη
868 2498 969 2551 μου
996 2485 1075 2545 εἰς
1103 2484 1388 2553 σταθμούς.
1426 2503 1444 2536 ι
1474 2486 1581 2537 Καὶ
1610 2487 1722 2549 πῶς

158 2575 265 2626 οὐκ
301 2573 531 2643 ἀληθῶς
556 2573 754 2641 ήλίθιος
791 2573 1106 2644 καὶίκομιδῆ
1140 2575 1585 2645 καταγέλαστοςή
1618 2577 1722 2628 τῶν

159 2661 511 2733 σωματικῶς
559 2661 989 2731 καραδοκούντων
1029 2662 1170 2715 λίθον
1236 2663 1354 2716 τινὰ
1380 2660 1600 2717 ’τούτων
1657 2667 1719 2737 δὴ

157 2752 274 2805 τῶν
325 2750 634 2803 πολυτελῶν
678 2752 768 2803 καὶ
820 2752 1121 2821 πολυτίμων
1175 2750 1308 2806 εἶναι
1361 2755 1721 2824 νομιζομένων

156 2844 244 2906 είς
279 2841 363 2896 τὰ
403 2840 621 2909 θεμέλια
667 2843 763 2911 τῆς
805 2843 1110 2912 σωματικῆς
1138 2841 1269 2896 Σιὼν
1301 2842 1721 2915 ἐμϐληθήσεσθαι

157 2930 308 3001 πρὸς
340 2928 512 2982 αὑτοῦ
537 2927 628 2981 τοῦ
660 2930 859 2999 Κυρίου
894 2930 1172 3000 ὑπόληψις,
1207 2932 1289 2999 ἐφ’
1316 2931 1374 2985 ὃν
1406 2932 1546 2986 λίθον
1571 2936 1600 2986 ὁ
1630 2951 1718 2986 πι-

160 3016 419 3078 στεύσας
447 3014 689 3084 οὐδαμῶς
724 3019 1268 3087 καταισχυνθήσεσθαι
1304 3021 1717 3088 προφητεύεται;

1814 610 2005 659 clamat
2042 603 2095 655 in
2137 601 2408 655 doloribus
2457 600 2610 653 suis:
2645 601 2723 653 sic
2756 599 2878 653 facti
2925 615 3111 653 smnus
3141 600 3343 654 Dilecto

1812 697 1942 750 tuo‘
1967 714 1986 746 ι
2023 692 2234 745 Titulus
2274 690 2487 759 quidam
2525 690 2578 742 in
2615 686 2840 741 Psalmis
2890 690 2989 742 fert
3015 707 3032 738 ι
3066 688 3171 742 Pro
3204 689 3342 743 Dile—

1813 782 1975 845 cto';
2014 799 2030 830 ν
2063 786 2115 832 et
2149 792 2338 830 rursus
2375 775 2572 828 dictum
2606 782 2727 827 est:
2761 792 2779 824 ι
2816 774 2922 829 Rex
2953 778 3209 829 virtutum
3254 776 3340 829 Di-

1814 868 1998 923 lecti’.
2029 885 2046 918 ι
2083 865 2395 920 Ostenditur
2422 867 2475 916 in
2512 863 2594 916 his
2630 863 2762 916 locis
2797 877 2903 915 non
2949 865 3086 919 alius
3129 881 3249 919 esse
3280 880 3337 918 ac

1813 959 2079 1019 Christus,
2128 957 2175 1011 is
2213 956 2303 1025 qui
2372 954 2461 1009 Dei
2512 953 2747 1008 Dilectus
2796 955 3109 1022 appellatur.
3171 955 3342 1025 Hujus

1814 1050 1982 1118 gratia
2019 1049 2386 1102 adnotavimus
2433 1060 2644 1115 quoque
2689 1045 2830 1097 hunc
2879 1044 3151 1107 dilectum,
3183 1061 3339 1113 quem

1813 1154 1933 1193 esse
1964 1139 2266 1209 putavimus
2306 1137 2549 1190 eumdem
2596 1135 2662 1188 de
2695 1150 2801 1203 quo
2848 1149 2949 1187 vox
3002 1135 3277 1189 manifeste
3311 1152 3342 1188 a

1815 1230 1966 1283 caelis
1992 1228 2173 1282 audita
2220 1233 2302 1282 est
2334 1226 2517 1279 dicens
2545 1243 2557 1278 :
2588 1242 2608 1275 ι
2642 1223 2738 1278 Hic
2771 1233 2854 1277 est
2888 1223 3055 1278 Filius
3084 1240 3236 1277 meus
3266 1225 3342 1279 di-

1814 1320 2006 1386 lectus,
2041 1321 2094 1373 in
2119 1333 2227 1388 quo
2254 1316 2552 1386 complacui
2574 1304 2617 1368 ι’.
2654 1334 2672 1367 ι

2381 1487 2604 1544 CAPUT
2642 1487 2778 1540 XIII.

1887 1603 1906 1635 ι
1939 1582 2132 1637 Audite
2159 1582 2382 1635 verbum
2419 1579 2650 1641 Domini,
2682 1579 2781 1632 viri
2822 1578 3091 1639 illusores,
3120 1581 3212 1648 qui
3244 1581 3344 1634 do-

1815 1675 2090 1729 minamini
2120 1687 2283 1741 super
2318 1672 2569 1739 populum
2606 1683 2782 1722 meum
2815 1668 3026 1735 qui'est
3063 1668 3112 1719 in
3135 1667 3346 1722 Jerusa-

1816 1773 1936 1823 lem.
1968 1765 2184 1821 Dixistis
2213 1763 2354 1818 enim
2387 1760 2791 1814 :Percussimus
2814 1758 2987 1811 fmdus
3011 1773 3132 1811 cum
3155 1768 3342 1820 morte,

1748 1840 1788 1892 Β
1818 1864 2018 1912 etcum
2052 1854 2262 1908 inferno
2304 1852 2526 1905 fecimus
2572 1859 2806 1919 pactum.
2854 1848 3144 1918 Flagellum
3194 1849 3345 1903 inun-

1820 1947 1952 1999 dans
1988 1960 2108 1997 cum
2145 1943 2435 2002 transierit,
2484 1957 2590 1993 non
2635 1940 2809 1993 veniet
2844 1954 3003 2007 super
3049 1954 3148 1993 nos
3176 1957 3189 1992 :
3222 1941 3344 2008 quin

1821 2037 2095 2106 posuimus
2131 2033 2462 2086 mendacium
2496 2046 2642 2099 spem
2676 2037 2938 2092 nostram,
2970 2036 3023 2084 et
3072 2030 3347 2083 mendacio

1820 2127 2044 2196 protecti
2092 2140 2298 2180 sumus.
2332 2122 2534 2175 Idcirco
2574 2123 2685 2174 iure
2727 2122 2855 2174 dicit
2886 2120 3183 2175 Dominus:
3214 2120 3347 2174 Ecce

1819 2231 1916 2282 ego
1949 2215 2153 2267 mittam
2191 2214 2243 2265 in
2272 2212 2628 2265 fundamentis
2660 2211 2788 2264 Sion
2836 2207 3065 2279 lapidem
3094 2213 3342 2273 electum,

1821 2306 2145 2374 angularem,
2189 2304 2500 2372 prttiosum,
2554 2302 2860 2370 probatum,
2911 2300 2963 2352 in
3004 2299 3346 2354 fundamento

1822 2396 2119 2457 fundatum,
2151 2404 2201 2448 et
2238 2394 2329 2463 qui
2360 2394 2529 2445 credit
2566 2394 2618 2443 in
2665 2407 2783 2444 eum
2829 2406 2934 2443 non
2967 2392 3340 2445 confundetur.

1821 2486 1885 2539 Et
1934 2501 2125 2556 ponam
2171 2485 2224 2537 in
2266 2484 2498 2553 pondere
2544 2482 2836 2549 judicium,
2892 2488 2946 2535 et
2981 2481 3242 2549 justitiam
3291 2482 3342 2534 in

1820 2592 2070 2631 mensura
2093 2577 2138 2629 ⁸.
2170 2595 2189 2627 ι
2227 2574 2501 2639 Quomodo
2543 2572 2685 2626 enim
2716 2576 2824 2624 non
2866 2586 2990 2624 vere
3025 2570 3246 2638 puerilis
3289 2578 3346 2623 et

1818 2670 2035 2722 omnino
2062 2666 2384 2720 deridendus
2428 2664 2639 2715 illorum
2664 2662 2960 2729 crror,-qui
2994 2660 3345 2729 corporaliter

1819 2761 2121 2816 existimant
2151 2756 2680 2829 lapideinquemdam
2724 2768 2753 2806 e
2796 2752 3046 2820 pretiosis
3079 2751 3346 2819 probatis-

1818 2866 1922 2919 que
1953 2851 2006 2902 in
2031 2849 2386 2902 fundamentis
2408 2845 2703 2913 corporalis
2735 2841 2862 2895 Sion
2889 2840 3205 2894 mittendum
3227 2841 3346 2894 esse

1819 2940 1884 2993 ab
1906 2940 2019 3007 ipso
2050 2938 2293 2997 Domino.
2320 2952 2518 3004 eosque
2546 2936 2635 3003 qui
2664 2936 2716 2986 in
2745 2935 2886 2985 hunc
2914 2931 3141 3001 lapidem
3169 2932 3344 2984 credi-

1818 3028 1991 3081 derint
2034 3043 2142 3080 non
2185 3042 2304 3081 esse
2331 3025 2755 3086 confundendos,
2779 3023 2930 3091 juxta
2963 3022 3342 3090 prophetiam?

159 3108 277 3167 Τὰς
314 3106 515 3177 μωρὰς
541 3105 817 3175 τοιγαροῦν
844 3107 933 3158 καὶ
971 3107 1255 3170 Ἱουδαῖκὰς
1278 3109 1563 3179 διηγήσεις,
1595 3112 1717 3173 τούς

1821 3114 2023 3169 Stultas
2070 3116 2231 3183 igitur
2275 3123 2328 3168 et
2373 3114 2627 3168 Judaicas
2669 3113 3154 3180 interpretationes,
3209 3126 3344 3180 quas

155 3215 218 3250 τε
263 3193 563 3265 madidam
609 3192 697 3257 οὓς
750 3194 1021 3263 ὠνόμασεν
1062 3197 1091 3247 ὁ
1142 3197 1448 3259 ’Δπόστολος
1491 3199 1714 3264 μύθους

1819 3205 1984 3257 aniles
2032 3204 2237 3272 fabulas
2287 3206 2577 3272 Apostolus
2636 3203 2825 3256 vocat“
2882 3201 3218 3268 ahjicientes,
3266 3201 3318 3253 di

155 3282 623 3349 ἀποσεισάμενοι,
653 3281 783 3335 Θεοῦ
817 3283 976 3347 ἀξίως
1008 3284 1104 3346 τὰς
1130 3284 1506 3348 θεοπνεύστους
1552 3303 1722 3356 παραο

155 3369 472 3444 δεχώμεθα
502 3371 853 3441 προφητείας·
883 3375 1043 3442 φησιν
1086 3369 1200 3427 οὖν·
1240 3392 1258 3424 ι
1297 3374 1393 3427 Διὰ
1433 3374 1587 3428 τοῦτο
1613 3376 1721 3427 ίδοὺ

156 3465 279 3536 ἐγὼ
314 3461 578 3531 ὲμὸάλλω
604 3464 681 3525 είς
701 3462 767 3516 τὰ
806 3461 1023 3532 θεμέλια
1064 3463 1197 3517 Σιὼν
1216 3463 1377 3518 λίθον.
1413 3484 1433 3517 ι
1458 3465 1554 3519 Διὰ
1576 3470 1720 3519 ποῖον

159 3558 219 3610 δέ
249 3551 452 3614 τοῦτο,
481 3549 620 3620 ήδιὰ
644 3550 702 3603 τὸ
733 3553 855 3614 τοὺς
886 3551 1143 3622 ἄρχοντας
1168 3553 1261 3606 τοῦ
1301 3555 1557 3625 προτέρου
1593 3554 1719 3609 λαοῦ

162 3638 544 3710 πεποιηκέναι
593 3639 853 3711 συνθήκας
911 3642 1044 3712 μετὰ
1095 3642 1183 3694 τοῦ
1225 3642 1468 3706 θανάτου,
1508 3645 1599 3697 καὶ
1635 3645 1722 3698 διὰ

162 3735 231 3788 τὸ
265 3728 600 3797 καταλεῖψαι
635 3730 729 3799 μὲν
772 3731 962 3793 αὐτοὺς
1003 3730 1103 3801 τὴν
1139 3731 1229 3784 τοῦ
1275 3731 1405 3784 Θεοῦ
1442 3734 1717 3805 διαθήκην,

164 3823 297 3879 ἀντὶ
334 3820 399 3874 δὲ
424 3818 625 3887 ταύτης
673 3819 927 3889 διαθήκην
969 3820 1100 3891 πρὸς
1130 3820 1222 3873 τὸν
1257 3821 1384 3891 ᾅδην
1443 3825 1720 3893 πεποιηκέ-

166 3929 288 3976 ναι,
344 3907 742 3977 ὑπολαμϐάνειν
784 3908 839 3959 δὲ
874 3907 959 3960 διὰ
992 3907 1158 3960 ταῦτα
1204 3908 1363 3977 μηδὲν
1398 3909 1562 3962 κακὸν
1592 3913 1716 3963 ἐαυο

164 4003 308 4063 τοὺς
381 3996 693 4052 πείσεσθαι·
741 3996 873 4050 ἀλλὰ
925 3998 1017 4050 καὶ
1074 3997 1162 4050 διὰ
1220 3997 1371 4050 τοῦτο
1428 3999 1723 4054 τεθεικέναι

172 4092 286 4160 μὲν
339 4088 435 4141 ἐπὶ
474 4086 663 4155 ψεῦδος
696 4086 793 4157 τήν
835 4085 1018 4139 ἐλπίδα
1060 4087 1232 4140 αὐτῶν
1280 4088 1372 4140 καὶ
1402 4088 1602 4142 οἴεσθαι
1645 4090 1720 4161 τῷ

167 4179 373 4249 ψεύδει
403 4176 895 4246 σκεπασθήσεσθαι·
930 4176 1017 4247 διὰ
1056 4178 1163 4248 γάρ
1194 4195 1274 4231 τοι
1320 4178 1506 4241 ταῦτα,
1538 4180 1612 4243 ὼς
1656 4182 1722 4234 ἂν

170 4266 664 4325 ἁποπεπτωκότων
686 4265 901 4319 ἐκείνων
937 4265 1042 4318 ἀπὸ
1071 4267 1165 4336 τῆς
1196 4269 1272 4330 είς
1294 4268 1379 4320 τὸν
1414 4268 1541 4322 Θεὸν
1577 4270 1722 4322 ἐλπί-

170 4361 292 4422 δος,
313 4358 411 4410 τὸν
438 4354 793 4425 πολυτίμητον
813 4354 954 4407 λίθον
977 4358 1085 4419 τοῖς
1109 4357 1444 4411 πιστεύουσιν
1466 4360 1722 4427 ὲπαγγέλο

1816 3309 1918 3363 gna
1970 3293 2077 3347 Deo
2120 3293 2429 3360 acceptione
2488 3291 2748 3345 divinitus
2810 3291 2927 3356 insp
2953 3300 3093 3342 ratas
3148 3291 3345 3343 inte”.-

1815 3399 2003 3453 gamus
2028 3382 2352 3450 prophetiae.
2384 3380 2518 3432 Dicit
2552 3380 2710 3448 igitur
2738 3397 2750 3430 :
2786 3397 2804 3427 ι
2837 3377 2972 3431 Ecce
3003 3392 3101 3445 ego
3132 3378 3340 3430 mittam

1817 3474 1870 3527 in
1899 3472 2256 3526 fundamentis
2281 3470 2408 3523 Sion
2439 3470 2686 3537 lapidem.
2723 3487 2741 3517 ι
2770 3467 2879 3521 Cur
2902 3468 3056 3527 illud.
3082 3468 3184 3520 nisi
3206 3482 3313 3535 quo

1815 3563 1955 3615 niam
2003 3560 2199 3629 prioris
2243 3558 2421 3628 populi
2462 3559 2731 3627 principes
2776 3572 2897 3611 cum
2951 3565 3121 3610 morte
3167 3556 3342 3611 fmdus

1817 3659 2230 3720 percusserunt,
2297 3650 2380 3703 vel
2424 3650 2677 3717 quoniam
2735 3649 2922 3702 relicto
2964 3646 3058 3700 Dei
3102 3647 3340 3709 findere,

1815 3749 1999 3795 contra
2031 3751 2242 3809 pactum
2277 3754 2399 3793 cum
2434 3740 2644 3793 inferno
2675 3737 2935 3802 fecerunt,
2970 3737 3345 3791 existimantes

1814 3840 2030 3901 propter
2050 3829 2178 3883 illud
2208 3845 2266 3883 se
2290 3830 2419 3882 nihil
2446 3829 2570 3882 mali
2601 3843 2721 3883 esse
2745 3840 3031 3896 passuras;
3062 3826 3153 3881 sed
3180 3826 3339 3879 etiam

1815 3922 2065 3990 quoniam
2104 3921 2158 3973 in
2207 3920 2483 3973 mendacio
2540 3934 2689 3987 spem
2733 3925 3028 3986 posuerunt
3073 3932 3246 3978 suam,
3288 3925 3343 3969 et

1816 4006 2093 4064 uiendacio
2121 4025 2178 4065 se
2204 4017 2471 4079 protectos
2491 4009 2852 4063 crediderunt.
2878 4006 3211 4076 Quapropter
3234 4006 3350 4061 illis

1818 4113 1847 4150 a
1871 4113 1964 4167 spe
1991 4099 2043 4152 in
2075 4098 2239 4153 Deum
2270 4098 2531 4167 disjectis,
2560 4098 2852 4166 pretiosum
2884 4099 3111 4166 lapidem
3129 4096 3349 4150 creden~

1815 4188 1957 4241 tibus
1986 4187 2193 4240 mittere
2221 4188 2520 4256 pollicetur.
2557 4188 2635 4240 Ad
2675 4187 2807 4241 istos
2850 4195 3027 4241 autem
3055 4180 3292 4240 dicentes
3322 4202 3334 4238 :

1820 4292 1845 4326 ο
1867 4273 2236 4329 Pereussimus
2276 4275 2448 4328 fmdus
2476 4289 2597 4328 eum
2632 4283 2822 4340 morte,
2869 4284 2922 4329 et
2959 4290 3082 4329 cum
3131 4274 3348 4328 inferno

1818 4362 2038 4417 fecimus
2068 4372 2314 4431 pactum;
2354 4363 2616 4432 ﬂagellum
2655 4364 2924 4418 inundans
2958 4379 3079 4418 cum
3113 4365 3341 4417 transie-

170 4450 336 4502 λεται
399 4446 605 4516 θήσειν.
659 4444 798 4513 Πρὸς
853 4444 1086 4508 ἐκείνως
1133 4446 1189 4498 δὲ
1241 4448 1363 4510 τοὺς
1414 4450 1717 4519 εἰρηκότας,

1814 4453 1900 4516 rit,
1929 4468 2035 4506 non
2065 4454 2236 4508 veniet
2278 4470 2437 4521 super
2468 4468 2596 4518 nos;
2642 4455 2766 4523 quia
2808 4455 3082 4522 posuimus
3122 4454 3343 4506 mendavz

179 4559 201 4591 ο
250 4535 621 4606 Ἐποιήσαμεν
647 4532 901 4604 διαθήκην
944 4534 1077 4602 μετὰ
1105 4534 1192 4586 τοῦ
1238 4536 1381 4606 ᾅδου,
1428 4538 1517 4589 καὶ
1581 4538 1714 4606 μετὰ

172 4628 279 4683 τοῦ
299 4624 535 4680 θανάτου
560 4622 842 4692 συνθήκας·
868 4623 1113 4690 καταιγὶς
1143 4626 1426 4695 φερομένη,
1463 4626 1555 4680 ἐὰν
1578 4643 1715 4695 παρ..

174 4718 336 4789 έλθη,
375 4716 440 4769 οὐ
484 4713 560 4785 μὴ
603 4710 731 4785 ἔλθη
761 4712 843 4779 ἐφ’
886 4712 1061 4781 ἡμᾶς·
1106 4711 1371 4782 ἐθήκαμεν
1401 4714 1586 4783 ψεῦδος
1618 4717 1714 4787 τὴν

175 4807 375 4861 ἐλπίδα
419 4803 600 4875 ἡμῶν,
655 4802 747 4854 καὶ
803 4799 879 4871 τῷ
928 4800 1108 4869 ψεύδει
1150 4802 1643 4875 σκεπασθησόμεθα,
1691 4825 1709 4856 ι

175 5041 338 5148 ύμῶν
770 5041 862 5123 τᾶῧ
893 5041 1297 5139 θανάτου,
1324 5041 1476 5131 ἐλπὶς
1501 5041 1648 5139 ὑμέιν

176 5166 323 5236 πρὸς
363 5165 459 5217 τὸν
500 5162 631 5233 ᾅδην
657 5161 717 5214 οὐ
752 5160 823 5231 μὴ
862 5160 1117 5229 ἐμμείνῃ·
1148 5159 1393 5225 καταιγὶς
1445 5161 1708 5233 φερομένη

177 5255 282 5309 ἐὰν
304 5252 533 5323 ἐπέλθῃ,
575 5249 758 5304 ἔσεσθε
795 5250 928 5319 αὐτῇ
955 5251 1033 5311 εἰς
1063 5249 1418 5318 καταπάτημα
1440 5265 1453 5278 ·
1488 5268 1506 5300 ι
1555 5249 1598 5302 δι.
1620 5252 1713 5305 καὶ

176 5343 453 5417 πρόδηλον
480 5343 627 5403 ὅπως
656 5340 746 5393 ἐπὶ
772 5341 835 5409 τῇ
876 5339 1138 5409 παρουσίᾳ
1164 5338 1254 5390 τοῦ
1283 5340 1521 5408 Σωτῆρος
1560 5341 1710 5410 ήμῶν

176 5441 264 5501 είς
314 5437 525 5490 ἐκεῖνον
567 5434 911 5504 πεπλήρωται
947 5433 1036 5486 τὸν
1072 5433 1212 5485 λαόν.
1256 5431 1573 5494 ’Δκολούθως
1607 5435 1713 5507 ἄρα

177 5526 349 5595 ἡμεῖς
387 5525 488 5576 οὐκ
519 5522 673 5575 ἄλλον
709 5520 980 5593 ἡγούμεθα
1011 5517 1142 5573 εἶναι
1167 5522 1255 5573 τὸν
1286 5520 1596 5590 δηλούμενον
1622 5527 1710 5578 ἐν-

1813 4543 1954 4596 cium
1983 4557 2128 4610 spem
2153 4550 2416 4606 nostram,
2434 4551 2487 4598 et
2511 4546 2786 4598 mendacio
2823 4546 3045 4612 protecti
3081 4557 3288 4599 sumus.
3316 4560 3341 4591 ι

1813 4632 1971 4700 paulo
1999 4641 2118 4701 post
2155 4634 2370 4703 subiicit
2404 4634 2680 4702 Scriptura
2712 4654 2722 4687 :
2759 4654 2777 4685 ι
2809 4634 2914 4688 Vos
2940 4633 3032 4701 qui
3062 4631 3343 4685 mendacio

1814 4722 2011 4776 frustra
2033 4722 2219 4777 conﬁsi
2240 4725 2393 4787 estis,
2435 4739 2544 4777 non
2578 4725 2826 4776 transibit
2848 4722 3126 4775 inundatio
3164 4733 3335 4786 aqum,

1814 4819 1866 4866 et
1905 4810 2167 4865 delebitur
2197 4811 2372 4866 fmdus
2403 4819 2641 4865 vestrum
2682 4826 2804 4864 cum
2832 4817 3003 4863 morte
3034 4816 3089 4861 et
3122 4815 3338 4875 pactum

1816 4909 2050 4956 vestrum
2090 4916 2211 4954 cum
2242 4901 2449 4955 inferno
2497 4916 2605 4955 non
2652 4898 3135 4968 stabitzllagellum
3179 4898 3336 4950 inun-

1818 4994 1950 5049 dans
1969 5007 2089 5046 cum
2112 4993 2406 5055 transierit,
2439 4995 2590 5048 eritis
2611 4994 2660 5048 ei
2684 4994 2738 5047 in
2766 4991 3221 5048 conculcationem
3238 4989 3280 5042 '.
3312 5005 3335 5039 ι

1817 5083 1944 5150 Quae
1984 5081 2255 5137 evidenter
2288 5083 2579 5138 Saivatoris
2623 5083 2793 5138 nostri
2824 5083 3052 5136 adventu
3095 5078 3150 5131 in
3190 5076 3339 5130 hunc

1815 5171 2066 5241 populum
2096 5171 2308 5240 impleta
2330 5177 2475 5226 sunt.
2507 5169 2688 5239 Itaque
2709 5186 2807 5226 nos
2836 5186 2942 5225 non
2965 5168 3129 5221 alium
3148 5166 3337 5219 existi-

1813 5277 2018 5317 mamus
2050 5277 2187 5323 esse,
2223 5263 2313 5330 qui
2347 5262 2434 5316 hic
2469 5262 2786 5325 ostenditur,
2826 5261 3054 5329 lapidem
3081 5257 3347 5318 electumr

1813 5352 2092 5422 probatum
2142 5358 2195 5404 et
2236 5351 2550 5413 mirabilem,
2599 5352 2652 5404 in
2685 5366 2844 5419 quem
2884 5350 2974 5418 qui
3009 5346 3342 5400 crediderint

1813 5453 1919 5493 non
1971 5436 2382 5499 confundantur,
2439 5451 2501 5490 ac
2548 5446 2792 5491 sanctum
2840 5436 2934 5490 Dei
2980 5431 3246 5494 Verbum,
3285 5430 3347 5483 in

1813 5540 1940 5597 quo,
1980 5526 2123 5578 velut
2168 5524 2376 5594 lapideo
2420 5523 2787 5588 fundamento,
2833 5520 3133 5594 spiritualis
3164 5517 3349 5571 caele-r

250 5634 270 5665 ¹
306 5628 698 5699 18³..ικνιι16-
730 5628 910 5683 Ῥεαῖσ
938 5645 1075 5683 Χιιν-
1127 5626 1512 5699 ,ἶΡξὲΙ-ιιηιι,
1555 5634 1623 5688 12
1701 5636 1927 5691 "Mattb.
1990 5652 2068 5699 ιιι,
2124 5635 2205 5688 l7.
2281 5638 2299 5667 ³
2327 5635 2427 5691 lsa.
2458 5647 2646 5697 xxvm,
2702 5634 2883 5687 ll-l7.
2958 5636 2979 5666 ⁶
3011 5629 3155 5685 Phil.
3194 5642 3261 5692 ιι,
3288 5627 3351 5677 8.

183 5705 203 5735 τ
244 5701 266 5753 ι
311 5694 458 5755 Tim.
506 5713 580 5764 tv,
609 5697 658 5750 7.
712 5699 751 5767 "
776 5699 873 5752 lsa.
905 5712 1090 5762 xxvut,
1120 5694 1315 5760 ",18.
