3952 6390
105 399 136 449 ί
150 398 285 454 21-3

1162 390 1450 449 ECLOGE
1489 388 1954 446 ΡΒΟΡΗΕΤῙΟᾸΞ.
1993 417 2061 428 -
2093 385 2216 442 LIB.
2244 387 2334 446 IV.

3195 397 3329 450 1222

102 509 378 576 γλῶσσα
424 514 742 582 μογιλάλων,
773 512 853 565 ὅτι
893 509 1097 581 ἐρράγη
1135 509 1191 560 ἐν
1229 511 1291 577 τῇ
1333 509 1519 577 ἐρήμῳ
1547 507 1707 576 ὕδωρ.

1810 521 1925 560 rum
1955 523 1969 560 :
2001 507 2124 576 quia
2153 507 2334 562 scissae
2361 515 2485 562 sunt
2517 508 2571 563 in
2594 509 2803 565 deserto
2832 527 3004 582 aquae,
3037 520 3090 568 et
3121 521 3328 568 torren-

109 601 239 652 καὶ
281 602 504 671 φάραγξ
552 607 608 655 ὲν
652 607 720 671 γῇ
759 599 959 670 διψώσῃ
980 615 993 629 ·
1023 599 1114 651 καλ⁸
1136 599 1169 666 ή
1203 597 1419 666 ἄνυδρος
1453 596 1598 648 ἔσται
1627 599 1705 660 είς

107 687 270 759 ἕλη,
301 693 404 744 καὶ
440 694 519 755 είς
540 692 634 762 τὴν
660 691 892 759 διψῶσαν
917 688 1018 756 γῆν
1049 687 1194 755 πηγὴ
1238 686 1437 738 ὑδάτων
1479 685 1644 740 ἔσται.
1679 704 1699 738 ι

126 779 293 833 Ἐπὶ
335 785 408 852 τῇ
452 783 544 836 τοῦ
593 780 725 834 Θεοῦ
768 780 1030 849 παρουσίᾳ
1057 777 1153 840 τὰς
1185 777 1510 847 παραδόξους
1541 777 1706 838 ἰάσεις

111 865 381 922 ἔσεσθαι
429 867 795 939 προαγορεύει.
821 866 1009 932 Σαφῶς
1053 861 1140 916 οὖν
1181 864 1272 914 καὶ
1313 862 1492 914 ἐνθάδε
1519 865 1582 931 τῇ
1613 862 1703 913 τοῦ

113 956 293 1010 Θεοῦ
332 960 673 1030 προσηγορίᾳ
712 959 739 1009 6
771 956 996 1026 Χριστὸς
1030 954 1119 1006 τοῦ
1154 953 1284 1005 Θεοῦ
1309 953 1613 1022 τετίμηται·
1647 949 1705 1006 οῦ

114 1048 238 1100 ἐπὶ
271 1051 344 1117 τῇ
382 1049 648 1119 παρουσίᾳ
673 1047 763 1100 καὶ
788 1043 1104 1114 σωματικῶς
1129 1043 1223 1110 μὲν
1251 1043 1305 1094 αἱ
1328 1044 1706 1112 προειρημέναι

116 1137 455 1211 θεραπεῖαι
485 1138 576 1190 ἐπὶ
596 1135 700 1188 τῶν
732 1134 1038 1203 πασχόντων
1065 1129 1512 1198 ἀπετελέσθησαν,
1536 1131 1594 1198 (Γ.
1618 1131 1707 1201 51)

116 1229 610 1298 Θαυμασιώτερον
637 1228 679 1279 δ’
701 1226 776 1278 ἔτι
807 1225 898 1277 καὶ
930 1223 1022 1276 νῦν
1051 1219 1388 1290 ὲνεργοῦνται
1408 1221 1492 1272 διὰ
1512 1221 1608 1290 τῆς
1630 1222 1710 1284 είς

117 1316 324 1370 αὐτὸν
381 1317 632 1378 πίπως.
662 1314 856 1375 παντὸς
906 1309 1228 1374 ἁπαξαπλῶς
1253 1309 1346 1360 τοῦ
1375 1310 1478 1362 τῶν
1508 1309 1709 1380 ἀνθρὼ-

119 1422 272 1458 πων
295 1406 496 1473 γένους
523 1405 625 1457 τῶν
653 1404 786 1457 κατὰ
811 1402 982 1472 ψυχὴν
1012 1401 1196 1454 παθῶν
1228 1399 1706 1468 ἁπαλλαττομένου.

134 1496 422 1566 Ἐῤῥάγη
449 1497 504 1548 δέ
531 1497 586 1546 ἐν
600 1497 664 1563 τῇ
698 1494 879 1562 ἐρήμῳ
898 1491 1037 1561 ὓδωρ
1069 1490 1230 1558 ἐπὶξτῇ
1260 1488 1487 1559 Χριστοῦ
1512 1506 1710 1558 παρου·⁸

122 1583 238 1654 σίᾳ
271 1586 385 1637 καὶ
427 1583 643 1654 φάραγξ
669 1585 723 1634 ἐν
770 1583 836 1650 γῇ
877 1578 1098 1649 διψώσῃ,
1127 1579 1218 1630 τοῦ
1245 1578 1466 1646 ποτίμου
1493 1579 1583 1630 καὶ
1607 1577 1709 1641 ζω-

118 1673 311 1726 τικοῦ
349 1675 532 1740 ’λόγου
576 1669 960 1738 ἀναϐλύσαντος
1010 1670 1066 1719 ἐν
1111 1671 1172 1737 τῇ
1203 1667 1366 1719 πάλαι
1398 1667 1584 1737 ἐρήμῳ
1615 1667 1708 1720 καὶ

120 1761 378 1832 διψώσῃ
429 1765 522 1831 γῇ,
554 1763 618 1829 τῇ
649 1759 704 1825 ἐξ
729 1757 889 1809 ἐθνῶν
933 1756 1236 1824 Ἐκκλησία,
1274 1757 1329 1808 ἐν
1455 1757 1710 1825 πρότερον

121 1850 291 1920 οὔσῃ
329 1851 551 1920 ἀνύδρῳ
582 1850 672 1902 καὶ
698 1847 916 1915 διψαλέα
946 1845 1149 1914 ἁθρόως
1181 1845 1325 1914 πηγὴ
1350 1845 1443 1896 τοῦ
1470 1845 1575 1897 τῶν
1609 1846 1712 1915 Ἰηο

129 1940 242 1992 σοῦ
279 1939 469 2006 λόγων
499 1958 515 1985 ι
544 1938 726 1998 ὕδατος
758 1936 952 2000 ζῶντος
989 1934 1274 2004 ἁλλομένου
1315 1936 1390 1996 εἰς
1420 1935 1557 2005 ζωὴν
1586 1934 1709 1987 αίώ-

127 2046 266 2084 νιον
302 2049 323 2080 ι
363 2027 718 2097 άνώμὸρησεν
740 2043 752 2056 ·
782 2027 866 2094 ὑφ’
897 2022 960 2096 ἧς
991 2026 1166 2093 πηγῆς
1195 2023 1512 2094 ποτιζομένη
1551 2025 1711 2096 ἀνθή-

131 2132 268 2169 σειν
299 2115 387 2177 ὡς
420 2113 601 2184 κρίνον
634 2112 843 2180 λέγεται
871 2114 903 2181 ἡ
930 2112 1056 2164 ποτὲ
1098 2112 1314 2181 ἕρημος,
1341 2112 1712 2182 εὐφραίνεσθαί

128 2222 200 2258 τε
239 2203 354 2256 καὶ
386 2202 643 2272 άγαλλιᾷν
692 2202 1103 2271 προστάττεταιο
1137 2201 1229 2252 καὶ
1278 2203 1310 2271 ή
1353 2202 1496 2254 αἰτία
1529 2202 1584 2255 δὲ
1615 2203 1712 2272 τῆς

129 2292 508 2363 εὐφροσύνης
530 2291 620 2343 καὶ
646 2291 743 2359 τῆς
764 2290 1120 2358 ἀγαλλιάσεως
1141 2289 1706 2361 ἐπιλέγεται,ἐπείπερ,

132 2385 325 2453 φησὶν
371 2401 391 2432 ‹
421 2381 573 2450 ἐδόθη
615 2381 746 2449 αὐτῇ
777 2382 808 2449 ή
841 2379 964 2444 δόξα
1004 2377 1096 2431 τοῦ
1153 2378 1401 2441 Λιὸάνου,
1426 2399 1443 2429 ι
1473 2381 1710 2434 τουτέστι

133 2473 248 2542 τῆς
290 2469 678 2540 Ἰερουσαλήμο
707 2468 832 2536 περὶ
859 2464 924 2538 ἧς
957 2470 1013 2520 ἐν
1042 2470 1157 2530 ταῖς
1184 2467 1476 2538 άνωτέραις
1502 2485 1710 2539 προφη-

135 2565 335 2624 τείαις
374 2560 608 2628 ἐλέγετο,
628 2558 700 2620 ὡς
725 2559 852 2621 ὃτι,‹
876 2557 981 2609 Καὶ
1009 2558 1037 2609 ό
1067 2557 1290 2618 Λίϐανος
1318 2559 1411 2609 σὺν
1434 2560 1543 2619 τοῖς
1574 2558 1709 2627 ὑψη-

133 2653 264 2714 λοῖς
304 2653 579 2703 πεσεῖται.
606 2666 624 2699 ι
675 2640 747 2700 Oi}
778 2647 1080 2715 πεσόντοςή
1114 2646 1367 2716 πρότερον
1400 2648 1711 2716 ὑπάρχουσα

136 2745 201 2793 ἐν
238 2739 412 2808 αὐτῷ
443 2737 566 2802 δόξα
607 2740 672 2807 τῇ
721 2734 812 2787 νῦν
856 2735 1300 2804 εὐαγγελιζομένῃ
1330 2735 1534 2804 ἐρήμῳ,
1561 2753 1708 2788 τουτ-

138 2830 272 2884 ἐστι
327 2832 402 2898 τῇ
453 2827 512 2890 ἐξ
548 2826 709 2878 ἐθνῶν
744 2824 1045 2894 Ἐκκλησία,
1085 2824 1234 2895 ἐδόθη
1269 2827 1362 2876 σὺν
1391 2828 1455 2892 τῇ
1485 2829 1611 2896 τιμῇ
1644 2830 1707 2897 τῇ

139 2918 417 2989 προτέρᾳ
450 2914 542 2968 τοῦ
579 2914 860 2985 λεγομένου
892 2914 1200 2982 Καρμήλου,
1229 2914 1382 2982 δῆλον
1421 2915 1464 2966 δ’
1497 2917 1578 2968 ὅτι
1616 2916 1708 2968 τοῦ

137 3005 441 3076 προτέρου
472 3003 615 3055 λαοῦ.
648 3002 828 3054 Ταῦτα
866 3001 921 3053 δὲ
955 3001 1135 3068 σαφῶς
1173 3002 1306 3069 μετὰ
1334 3002 1429 3071 τὴν
1455 3003 1548 3054 τοῦ
1576 3005 1708 3075 Χρι-

1803 601 1883 647 tes
1913 592 1965 646 in
1995 593 2297 648 solitudine.
2341 593 2405 646 Et
2449 610 2570 663 qua:
2614 605 2726 649 erat
2768 598 2916 652 arida
2965 600 3068 652 erit
3109 600 3162 652 in
3218 607 3330 654 sta-

1802 696 1984 751 gnum,
2018 689 2071 734 et
2103 682 2288 736 sitiens
2334 683 2388 735 in
2437 682 2612 737 fontes
2639 689 2956 751 aquarum‘.
2999 708 3017 738 ι
3055 687 3147 742 Dei
3193 704 3330 757 pra:-

1804 772 1975 825 sentia
2029 771 2372 827 admirabiles
2442 773 2553 828 fore
2605 777 2906 830 sanationes
2978 780 3344 868 prmnuntiaL:

1803 856 1997 927 Aperte
2031 859 2303 929 igiturhic
2338 876 2548 930 quoque
2589 861 2680 915 Dei
2713 863 3052 929 pradictione
3079 861 3339 924 Christus

1808 946 1899 1002 Dei
1929 949 2263 1019 gloriﬁcatus
2291 959 2392 1006 est.
2415 952 2579 1018 Cujus
2606 954 2884 1020 praesentia
2910 965 2960 1006 et
2983 959 3329 1024 corporaliter

1805 1040 2014 1107 quidem
2041 1040 2301 1109 praedicta
2323 1043 2624 1096 sanationes
2655 1044 2708 1095 in
2736 1044 3097 1100 laborantibus
3145 1049 3330 1117 imple-

1807 1138 1870 1182 tte
1891 1138 2038 1192 sunt,
2072 1132 2373 1186 mirabilius
2409 1148 2533 1185 vero
2561 1149 2703 1186 nunc
2732 1133 2908 1187 adhuc
2933 1147 3246 1191 exercentur
3275 1139 3328 1192 in

1806 1233 1924 1272 cum
1957 1220 2076 1284 ﬁde,
2103 1223 2246 1274 omni
2276 1222 2547 1275 hominum
2573 1220 2765 1292 genere
2785 1227 2991 1280 cunctis
3015 1228 3202 1282 animae
3225 1245 3330 1282 ma-

1809 1310 1876 1362 lis
1905 1309 2122 1376 penitus
2150 1311 2413 1362 exsoluto.
2451 1309 2645 1365 Scissa:
2687 1321 2811 1368 sunt
2840 1313 2894 1365 in
2935 1315 3146 1368 deserto
3183 1330 3332 1385 aquae

1807 1395 2005 1450 Christi
2043 1399 2343 1463 praesentia.
2385 1405 2439 1452 et
2492 1407 2753 1454 torrentes
2805 1403 2858 1453 in
2913 1411 3053 1456 terra
3098 1406 3330 1470 sitiente,

1809 1487 2033 1539 salutari
2087 1496 2138 1540 et
2190 1487 2494 1544 viviﬁcante
2525 1491 2686 1544 verbo
2715 1506 3019 1564 emergente
3065 1494 3115 1546 in
3156 1510 3333 1564 quon-

1808 1578 1928 1631 dam
1970 1577 2182 1632 deserta
2216 1587 2267 1632 et
2297 1581 2511 1634 sitiente
2540 1589 2702 1645 terra,
2728 1587 2963 1652 gentium
3005 1588 3203 1640 scilicet
3234 1585 3336 1639 Ec—

1809 1666 1992 1728 cle‘sia,
2019 1667 2072 1719 in
2124 1683 2253 1735 qua,
2279 1684 2398 1721 cum
2435 1671 2563 1723 olim
2594 1673 2736 1725 sicca
2777 1681 2829 1726 et
2871 1674 3138 1727 sitibuuda
3167 1682 3330 1737 esset,

1811 1753 2091 1809 aﬂuenter
2113 1756 2238 1811 Jesu
2270 1759 2546 1813 verborum
2581 1761 2696 1816 fons
2735 1780 2753 1812 ‹
2794 1778 2944 1831 aqua:
2989 1766 3228 1819 salientis
3279 1766 3335 1819 in

1811 1845 1972 1898 vitam
1997 1854 2246 1900 atternam
2272 1851 2290 1880 ²
2329 1869 2346 1900 ι
2375 1850 2615 1918 proﬂuet.
2647 1853 2764 1918 Quo
2797 1854 2941 1910 fonte
2983 1855 3218 1925 irrigata,
3243 1855 3336 1910 llo-

1813 1943 1989 1989 rescet
2011 1945 2068 1989 ut
2092 1937 2282 2000 lilium,
2319 1941 2466 2009 prius
2496 1943 2701 1998 deserta
2723 1953 2884 2008 terra,
2917 1946 3140 2016 ideoque
3169 1949 3335 2002 laetari

1813 2031 1865 2076 et
1883 2026 2150 2079 exsultare
2174 2025 2409 2094 jubetur.
2438 2029 2611 2087 Causa
2644 2050 2767 2087 vero
2798 2036 2992 2090 lretitia:
3015 2045 3065 2090 ct
3095 2040 3336 2092 exsulta-

1812 2111 1973 2164 tionis
2004 2113 2307 2181 subjicitur,
2341 2121 2615 2186 quoniam,
2650 2123 2743 2184 ait,
2769 2141 2786 2172 ι
2814 2124 2936 2176 data
2975 2133 3055 2178 est
3091 2127 3138 2180 ei
3169 2127 3337 2196 gloria

1812 2198 2022 2264 Libani,
2057 2220 2075 2252 ι
2110 2203 2160 2256 id
2193 2213 2275 2259 est
2301 2206 2630 2275 Jerusalem;
2663 2211 2728 2264 de
2757 2229 2859 2280 qua
2891 2214 2942 2266 in
2971 2217 3338 2282 superioribus

1813 2291 2105 2360 prophetiis
2135 2293 2336 2348 dictum
2391 2305 2493 2360 est,
2535 2317 2553 2348 ‹
2589 2301 2653 2354 Et
2688 2300 2922 2356 Libanus
2950 2318 3070 2356 cum
3111 2307 3337 2361 excelsis

1815 2380 1986 2433 cadet.
2029 2400 2046 2430 ι
2084 2382 2200 2446 Quo
2232 2384 2507 2441 deeidente
2554 2404 2672 2456 qua:
2720 2392 2868 2458 prius
2915 2393 2962 2445 ei
3013 2401 3127 2446 erat
3167 2396 3337 2462 gloria

1812 2480 1956 2520 nunc
1986 2472 2361 2539 evangelizalae
2395 2475 2694 2537 solitudini.
2727 2481 2959 2548 gentium
3005 2483 3210 2536 scilicet
3238 2483 3338 2538 Ec-

1770 2559 2021 2630 clesiae,
2068 2562 2190 2616 data
2244 2575 2326 2620 est
2380 2582 2498 2620 Cum
2548 2571 2776 2638 pristino
2838 2576 3063 2629 (Zarmeli
3120 2577 3334 2641 decore,

1812 2649 2025 2717 prioris,
2058 2659 2116 2704 ut
2146 2654 2328 2722 liquet,
2363 2659 2562 2727 populi.
2595 2659 2716 2715 Haec
2766 2671 2941 2718 autem
2991 2674 3170 2733 aperte
3216 2677 3339 2735 post

1815 2740 2015 2797 Christi
2040 2745 2322 2800 adventum
2354 2751 2527 2820 reipsa
2551 2757 2750 2807 exitum
2781 2755 3014 2810 habuere
3040 2772 3338 2828 congruen-

1813 2839 1916 2884 tem
1951 2847 2070 2886 cum
2107 2844 2366 2903 praesente
2394 2843 2691 2910 prophetia,
2733 2860 2852 2912 qua:
2889 2846 3060 2913 ipsius
3095 2845 3340 2900 Salvato-

1812 2921 1886 2974 ιίε
1918 2937 2047 2976 voce
2075 2925 2206 2979 dicit
2237 2945 2251 2980 :
2289 2946 2307 2977 ι
2347 2927 2657 2984 Elevabitd‘r
2687 2948 2909 3002 regnum
2943 2934 3057 3000 Dei,
3090 2945 3143 2989 et
3188 2935 3340 2989 dabi-

1813 3018 1900 3064 tur
1925 3014 2067 3080 genti
2099 3015 2313 3069 facienti
2345 3018 2552 3074 fructus
2576 3022 2692 3088 ejus
2722 3022 2760 3076 ³.
2801 3043 2820 3074 ι

143 3099 284 3153 στοῦ
338 3095 644 3167 παρουσίαν
690 3093 862 3163 ἔργοις
879 3092 1035 3154 ,τέλος
1068 3093 1280 3161 εἴληφεν
1309 3094 1606 3156 ἀκολούθως
1635 3100 1700 3167 τῇ
1738 3115 1797 3150 τε
1842 3102 1976 3169 μετὰ
2014 3109 2195 3176 χεῖρας
2242 3111 2566 3180 προφητείᾳ,
2614 3114 2706 3165 καὶ
2747 3117 2810 3183 τῇ
2870 3114 3143 3187 φασκούσῃ
3181 3116 3340 3169 αὐτοῦ

138 3191 242 3244 τοῦ
275 3188 547 3254 Σωτῆρος
572 3183 720 3253 ἡμῶν
750 3185 916 3253 φωνῇ,
941 3183 1015 3244 ὡς
1070 3184 1174 3251 ἄρα
1204 3201 1222 3233 ι
1265 3183 1578 3252 Ἀρθήσεται
1605 3188 1639 3256 ή
1667 3187 1906 3256 βασιλεία
1936 3195 2027 3246 τοῦ
2071 3197 2221 3261 Θεοῦ,
2279 3202 2370 3252 καὶ
2415 3201 2693 3272 δοθήσεται
2733 3205 2870 3258 ἔθνει
2931 3183 3167 3260 ποιοῦντι
3218 3209 3342 3271 τοὺς

139 3280 424 3352 καρποὺς
455 3275 635 3344 αὐτῆς.
671 3294 690 3326 ›

688 3388 1070 3440 ΚΕΦΑΛΑΙΟΝ
1102 3390 1196 3441 IZ’.

228 3505 250 3536 ι
269 3482 448 3550 Φωνὴ
473 3481 692 3549 βοῶντος
713 3484 768 3533 ὲν
786 3485 850 3550 τῇ
875 3484 968 3551 ὲρή
977 3500 1058 3551 μῳ
1073 3498 1088 3511 ·
1121 3481 1462 3551 Ἑτοιμάσατε
1483 3482 1580 3553 τὴν
1598 3484 1713 3538 όδὸν

145 3577 420 3646 Κυρίουο
458 3570 667 3634 εὐθείας
710 3575 906 3624 ποιεῖτε
939 3571 1035 3633 τὰς
1075 3572 1286 3642 τρίϐους
1329 3573 1525 3625 αὑτοῦ·
1570 3576 1716 3627 πᾶσα

149 3665 396 3740 φάραγξ
428 3664 854 3734 πληρωθήσεται,
883 3667 972 3718 καὶ
1006 3667 1109 3717 πᾶν
1135 3666 1256 3736 ὅρος
1291 3667 1381 3718 καὶ
1414 3667 1595 3736 βουνὸς
1624 3684 1730 3757 ταέ

149 3754 573 3823 πεινωθήσεται
592 3769 605 3781 ·
623 3754 713 3805 καὶ
735 3753 882 3806 ἔσται
912 3753 1082 3805 πάντα
1102 3753 1170 3804 τὰ
1200 3754 1378 3807 σκολιά
1406 3757 1484 3817 είς
1511 3755 1717 3809 εὐθεῖαν

153 3846 252 3898 καὶ
285 3846 323 3913 ἡ
364 3844 590 3911 τραχεῖα
622 3843 698 3904 εἰς
724 3842 902 3895 πεδία·
938 3843 1028 3894 καὶ
1057 3842 1344 3913 ὀφθήσεται
1393 3846 1424 3914 ή
1467 3845 1588 3910 δόξα
1613 3847 1718 3897 Κυ-

155 3933 307 4001 ρίου,
339 3931 440 3982 καὶ
481 3929 666 3997 ὄψεται
712 3932 857 3983 πᾶσα
888 3931 1019 4001 σὰρξ
1046 3933 1104 3985 τὸ
1137 3933 1411 4002 Σωτήριον
1438 3933 1530 3985 τοῦ
1563 3933 1716 3997 Θεοῦ,

153 4020 245 4070 ὅτι
282 4016 496 4084 Κύριος
537 4014 806 4086 ἐλάλησεν.
835 4019 929 4068 »Ὀ
975 4017 1065 4070 τοῦ
1108 4018 1352 4087 Σωτῆρος
1401 4017 1552 4087 ήμῶν
1585 4020 1717 4090 πρό-

153 4106 376 4178 δρομος
414 4103 657 4172 Ἰωάννης
694 4106 804 4166 τοῖς
844 4105 1188 4175 ἐπερωτῶσιν
1234 4104 1390 4156 αὐτὸν
1423 4106 1568 4167 ὅστις
1607 4106 1714 4176 εἴη,

158 4193 338 4264 φησίν
356 4207 374 4222 '
412 4209 431 4241 ε
457 4190 594 4258 Ἐγὼ
618 4191 762 4262 φωνὴ
791 4192 1013 4262 βοῶντος
1038 4196 1095 4245 ἐν
1119 4197 1182 4264 τῇ
1217 4195 1421 4264 ἐρήμῳ,
1452 4213 1471 4245 ι
1514 4195 1604 4247 καὶ
1651 4181 1723 4248 τάξ

159 4283 317 4352 ἑξῆς.
355 4278 561 4333 Τούτου
605 4280 668 4350 δὴ
712 4277 802 4333 οὖν
841 4281 994 4352 χάριν
1030 4281 1316 4350 ἐξεθέμεθα
1344 4282 1400 4334 τὸ
1433 4282 1723 4351 κεφάλαιον

160 4375 220 4424 ὲν
249 4373 376 4434 τοῖς
399 4368 528 4439 περὶ
555 4367 785 4438 Χριστοῦ
819 4370 1150 4440 μαρτυρίοις,
1179 4369 1436 4439 σύμὸολον
1467 4366 1600 4423 εἶναι
1631 4388 1718 4423 νο-

166 4460 428 4529 μίζοντες
481 4457 727 4527 Ἰωάννην
788 4457 879 4509 τοῦ
930 4457 1274 4510 άποστολικοῦ
1334 4457 1678 4528 κηρύγματος
1700 4477 1715 4492 .

161 4551 396 4618 τοιαύτη
424 4549 533 4619 γάρ
571 4547 653 4600 τοι
690 4549 834 4600 ἐστιν
861 4550 894 4618 ἠ
929 4549 985 4599 ἐν
1007 4550 1070 4617 τῇ
1114 4548 1302 4618 ἐρήμῳ
1335 4549 1509 4618 βοῶσα
1549 4551 1716 4620 φωνὴ,

163 4641 386 4711 ἄσημός
421 4655 507 4700 τις
533 4633 684 4702 οὖσα,
706 4637 797 4690 καὶ
821 4635 1180 4706 άδιάρθριιγτος
1207 4639 1316 4700 τοῖς
1339 4639 1461 4708 ἄρτι
1493 4656 1717 4709 στοιχει-

2355 3402 2580 3459 CAPUT
2619 3406 2780 3461 XVII.

1884 3508 1902 3542 ι
1937 3489 2050 3544 Vox
2081 3492 2359 3547 clamantis
2398 3495 2451 3547 in
2486 3495 2700 3549 deserto
2733 3516 2744 3549 :
2777 3496 2970 3553 Parate
2995 3499 3136 3552 viam
3163 3500 3342 3557 Domi-

1812 3578 1979 3645 mini;
2008 3587 2179 3635 rectas
2222 3581 2381 3635 facile
2409 3585 2630 3639 semitas
2658 3584 2794 3653 ejus.
2838 3586 3025 3642 Omnis
3062 3591 3217 3645 vallis
3241 3593 3341 3646 im-

1812 3667 2062 3735 plebitur,
2087 3680 2138 3724 et
2169 3673 2344 3725 omnis
2374 3687 2528 3728 mons
2559 3683 2610 3727 et
2653 3677 2805 3731 collis
2838 3677 3208 3734 humiliabitur
3244 3701 3257 3735 ε
3289 3689 3342 3737 et

1813 3765 1968 3810 erunt
1998 3774 2158 3826 prava
2189 3761 2243 3815 in
2275 3770 2472 3816 rectam
2497 3774 2548 3818 et
2575 3781 2764 3835 aspera
2789 3767 2841 3820 in
2885 3771 2997 3823 vias
3027 3771 3212 3837 planas
3244 3791 3256 3825 :
3284 3781 3340 3827 et

1811 3847 2078 3920 videbitur
2113 3851 2279 3919 gloria
2307 3852 2534 3909 Domini.
2575 3855 2637 3908 Et
2662 3858 2858 3911 videbit
2891 3862 3064 3914 omnis
3094 3876 3219 3914 caro
3242 3861 3341 3915 Sa-

1814 3936 1982 3989 lutare
2012 3937 2122 3999 Dei,
2160 3941 2409 4007 quoniam
2457 3942 2715 3999 Dominus
2754 3946 2965 4001 locutus
2994 3949 3133 4002 est‘.
3175 3970 3192 4001 ι
3229 3949 3342 4004 Sal-

1815 4029 2012 4080 vatoris
2053 4032 2220 4083 nostri
2269 4046 2566 4099 praecursor
2619 4035 2851 4093 Joannes
2890 4039 3339 4108 interrogantibus

1814 4128 1933 4167 eum
1955 4115 2076 4184 quis
2109 4127 2270 4183 esset,
2299 4122 2372 4173 ait
2397 4140 2408 4174 :
2447 4140 2464 4172 ‹
2493 4122 2597 4191 Ego
2629 4139 2728 4177 vox
2762 4127 3044 4181 clamantis
3072 4129 3123 4180 in
3153 4129 3339 4184 deser-

1814 4213 1889 4262 to,
1922 4222 1942 4254 ι
1979 4213 2029 4257 et
2070 4221 2188 4274 quae
2231 4219 2546 4275 sequuntur.
2580 4209 2750 4279 Hujus
2777 4229 2903 4268 vero
2937 4216 3102 4284 gratia
3146 4219 3338 4285 praeci-

1814 4307 1974 4360 puum
2005 4294 2284 4349 retulimus
2315 4297 2368 4349 in
2399 4299 2718 4352 testimoniis
2743 4300 2809 4354 de
2849 4301 3086 4366 Christo,
3125 4306 3341 4375 symbo--

1816 4381 1922 4433 lum
1957 4397 2078 4437 esse
2107 4393 2410 4453 reputantes
2430 4387 2686 4443 Joannem
2729 4394 3034 4460 apostolicae
3085 4397 3333 4465 pradica-

1815 4471 1996 4526 tionis.
2029 4473 2173 4527 Talis
2196 4475 2337 4528 enim
2362 4483 2444 4530 est
2471 4476 2524 4530 in
2556 4477 2770 4531 deserto
2796 4479 3035 4536 clamans
3055 4499 3176 4546 vox,
3193 4484 3340 4555 igno-

1816 4564 1939 4618 bilis
1979 4565 2192 4633 quidem
2223 4572 2276 4619 et
2320 4567 2660 4623 inarticulata
2701 4570 2807 4625 illis
2845 4573 2936 4640 qui
2977 4573 3151 4628 adhuc
3179 4578 3340 4631 rudes

1815 4664 1985 4712 erant.
2016 4654 2073 4708 ln
2103 4663 2246 4709 terra
2293 4657 2420 4710 olim
2466 4659 2697 4723 deserta,
2731 4665 2964 4730 gentium
2993 4665 3239 4720 videlicet
3283 4669 3339 4722 in

163 4730 423 4801 ουμένοις
443 4745 460 4758 ο
495 4729 552 4780 ἐν
595 4729 660 4796 τῇ
710 4725 870 4780 πάλαι
900 4726 957 4779 δὲ
987 4727 1195 4796 ἐρήμῳ,
1223 4729 1287 4796 τῇ
1316 4726 1374 4789 ἐξ
1399 4726 1562 4781 ἐθνῶν
1597 4728 1711 4782 Ἐκ-

1819 4745 2075 4808 Ecclesia,
2099 4746 2220 4800 talis
2247 4762 2349 4801 vox
2377 4747 2515 4799 edita
2539 4724 2972 4818 parare'jubebat
2998 4755 3136 4807 viam
3166 4754 3336 4810 Domi-

168 4819 393 4891 κλησίᾳ,
430 4819 466 4887 ἡ
495 4815 710 4885 τοιαύτη
739 4815 995 4886 γενομένη
1035 4817 1180 4885 φωνὴ
1222 4817 1518 4888 ἑτοιμάζειν
1540 4838 1714 4892 παρα-

169 4907 458 4961 κελεύεται
502 4905 599 4975 τὴν
641 4903 754 4957 όδὸν
799 4903 1020 4974 Κυρίου,
1053 4906 1146 4957 καὶ
1184 4905 1250 4958 τὰ
1270 4905 1424 4974 ἑξῆς·
1453 4908 1594 4979 ἅπερ
1626 4911 1714 4963 ἐπὶ

173 4999 372 5068 σχολῆς
404 4989 452 5063 ᾧ
482 4995 631 5066 μέλει
663 4995 760 5064 τῆς
818 4993 1015 5048 τούτων
1041 4994 1286 5063 γνώσεως
1316 4998 1604 5067 ἐρευνήσας
1632 5000 1708 5051 εί-

173 5105 348 5143 σεται.

698 5198 1080 5251 ΚΕΦΑΛᾹΙΟΝ
1110 5199 1214 5251 IH'.

255 5291 415 5342 ιἙπ’
449 5289 573 5357 δρος
634 5286 827 5356 ὑψηλὸν
887 5286 1130 5354 ἀνάϐηθι,
1178 5289 1206 5339 6
1252 5286 1718 5356 εὐαγγελιζόμενος

178 5381 335 5444 Σιὼν,
357 5380 578 5448 ὖψωσον
602 5379 667 5447 τῇ
704 5377 843 5446 ἰσχύι
865 5377 961 5447 τὴν
988 5379 1167 5448 φωνήν
1201 5395 1312 5444 σου,
1327 5380 1356 5431 6
1381 5377 1716 5445 εὐαγγελιζό-

181 5486 340 5536 μενος
379 5464 753 5535 Ὶερουσαλήμ·
809 5461 1072 5531 ὑψώσατε,
1117 5464 1188 5533 μὴ
1236 5463 1510 5534 φοϐεῖσθεο
1567 5460 1713 5517 εἷπον

181 5562 298 5621 ταῖς
334 5555 555 5608 πόλεσιν
587 5552 779 5605 Ἰούδαο
821 5552 946 5603 Ἰδοὺ
978 5553 1006 5602 6
1036 5551 1164 5614 Θεὸς
1187 5553 1358 5623 ὑμῶν,
1391 5553 1589 5622 Κύριος
1607 5554 1715 5606 κύ-

1818 4836 1892 4898 ni,
1945 4844 2000 4889 et
2041 4837 2242 4906 reliqua
2295 4855 2308 4889 :
2362 4839 2503 4906 quod
2556 4837 2715 4908 hujus
2770 4842 3008 4898 scientia:
3064 4847 3334 4902 studiosus

1816 4927 1986 4979 otiose
2014 4933 2260 4979 scrutans
2279 4927 2594 4994 comperiet.

2357 5196 2580 5253 CAPUT
2612 5199 2794 5254 XVIII.

1895 5304 1913 5336 ο
1949 5285 2117 5356 Super
2147 5294 2380 5341 montem
2414 5292 2684 5345 excelsum
2716 5291 2944 5344 ascende
2972 5297 3050 5352 tu,
3075 5291 3341 5360 quievan-

1816 5377 2011 5446 gelizas
2049 5376 2220 5430 Sion:
2260 5378 2436 5431 exalta
2468 5381 2524 5432 in
2571 5379 2884 5434 fortitudine
2937 5395 3119 5433 vocem
3167 5391 3334 5445 tuam,

1814 5466 1905 5534 qui
1953 5465 2283 5534 evangelizas
2324 5465 2665 5523 Jerusalem:
2708 5471 2906 5530 exalta,
2962 5469 3068 5522 noli
3123 5468 3334 5527 timere.

1816 5555 1934 5609 Dixi
1961 5554 2265 5609 civitatibus
2293 5554 2427 5610 Juda
2456 5577 2467 5610 :
2509 5557 2642 5613 Ecce
2671 5557 2809 5614 Deus
2836 5568 3012 5614 vester
3047 5578 3059 5612 :
3083 5575 3208 5616 ecce
3233 5560 3339 5614 Do-

264 5707 410 5762 'Isa.
444 5719 585 5758 xxxv
631 5702 735 5754 1-7.
810 5698 998 5753 ἰοειη.
1030 5716 1100 5764 tv,
1128 5703 1214 5756 14.
1289 5705 1308 5736 ⁸
1338 5702 1518 5756 Matth.
1562 5719 1670 5767 ιιι,
1707 5737 1711 5747 ι

1871 5708 2005 5764 ‘lsa.
2049 5723 2131 5770 xu,
2157 5707 2262 5760 3-5.
