3952 6408
230 389 408 450 {233
1255 408 1535 467 ECLOGt'E
1559 411 2021 470 PROPHETICAS.
2060 447 2124 457 —
2162 415 2289 472 LIB.
2327 418 2415 475 IV.
3263 434 3412 487 ιω,

223 509 484 608 ἀδελφῷ
516 518 737 589 βοηθῶν,
776 525 872 594 τὴν
899 528 1154 596 προτέραν
1194 528 1618 597 ἐξομολογοῦνται
1660 546 1742 601 πει

1841 539 2002 590 ιιτιιιε
2039 539 2092 586 et
2134 531 2442 590 confortans
2505 550 2637 606 quos
2680 541 2828 608 prius
2869 542 2997 598 deos
3049 543 3371 601 ducebamus

217 599 317 654 τὰ
352 604 556 662 εἴδωλα
586 611 805 683 πλάνην,
835 615 968 667 αὐτά
992 616 1053 687 δὴ
1084 616 1247 670 ταῦτα
1272 619 1509 685 λέγοντες
1529 636 1541 649 ·
1573 599 1742 674 Τέκτιέ

1885 615 1984 681 Qui
2029 619 2239 687 quidem
2286 622 2416 677 nihil
2455 632 2627 687 erant,
2673 627 2777 681 nisi
2817 630 3049 697 inanima
3089 634 3394 700 simulacra,

164 696 181 703 ”
217 691 362 763 ἄρα
395 693 467 767 ἦν
499 701 590 753 καί
612 702 854 770 χαλκεὺς,
878 708 906 757 6
934 705 1018 758 διὰ
1059 706 1260 778 σφύρας
1285 709 1376 761 καὶ
1397 709 1537 777 ἥλων
1560 710 1651 761 καὶ
1676 725 1742 778 μη

1886 706 2090 758 nullum
2123 721 2150 759 a
2179 722 2237 759 se
2268 707 2398 776 ipsis
2426 718 2625 765 motum
2653 694 2957 780 consecuta,
2989 726 3042 774 et
3065 725 3218 790 quasi
3247 740 3395 782 men-

212 785 431 853 Χανῆς
485 790 819 863 ἀνθρωπίνης
861 796 1136 865 ἀνεγείρας
1187 797 1276 849 καὶ
1332 796 1607 865 ὲνισχύσας
1658 798 1742 849 τοῦ

1887 794 2037 847 dacia
2070 807 2381 864 acceperant
2420 809 2596 869 patres
2645 804 2812 857 nosui
2852 806 3010 872 idola,
3057 785 3110 865 et
3143 827 3250 867 nui
3277 826 3391 872 erat

113 855 125 866 ”
212 874 522 956 ⁸ξηρότερον
548 855 919 950 νομιζομένους
958 855 1084 953 ήμίν
1111 855 1285 947 θεούς·
1318 887 1366 938 οί
1408 855 1476 938 δέ
1500 855 1647 938 οὐδέν
1677 886 1742 955 ἄρ

1887 882 1940 935 in
1970 889 2047 937 eis
2078 886 2299 940 utilitas.
2334 855 2483 953 Quod
2512 898 2684 946 autem
2716 891 2828 946 haec
2859 893 2931 947 ita
2967 894 3254 955 Salvatoris
3288 918 3390 956 no-

208 954 395 1028 ἦσαν
433 966 467 1035 ἢ
512 968 690 1039 ἀψυχα
731 970 915 1035 ξόανα,
957 972 1201 1042 οὐδεμίαν
1240 972 1299 1037 ἐξ
1336 973 1537 1028 ἑαυτῶν
1574 974 1742 1044 κίνησι

1885 974 1982 1026 stri
2026 975 2236 1043 impleta
2286 988 2408 1033 sunt
2452 981 2701 1045 adventu,
2736 983 2904 1052 magis
2938 989 3184 1053 operibus
3230 1006 3389 1060 quam

212 1048 632 1125 ἐπιδεχόμενα,
676 1061 764 1112 καὶ
799 1060 873 1123 ὡς
911 1061 1073 1130 ψευδῆ
1117 1064 1407 1131 ἐκτήσαντο
1446 1065 1496 1116 oi
1548 1064 1742 1134 πατέρε

1882 1064 2057 1118 verbis
2086 1064 2499 1122 demonstratur.

210 1144 260 1214 ἡ
272 1146 412 1214 μῶν
452 1152 767 1213 εῐδωλα.καὶ
803 1156 899 1208 οὐκ
937 1152 1003 1226 ἦν
1041 1159 1098 1209 ἐν
1127 1159 1304 1221 αὐτοῖς
1340 1158 1615 1229 ὠφέλημα.
1650 1160 1767 1211 Ὅτι
1804 1158 1858 1210 δὲ
1881 1156 2027 1210 ταῦθ’
2055 1157 2222 1223 οὕτως
2242 1162 2332 1214 ἐπὶ
2353 1166 2411 1233 τῇ
2437 1163 2528 1216 τοῦ
2578 1164 2818 1234 Σωτῆρος
2866 1165 3018 1236 ήμῶν
3072 1169 3386 1243 ἀπετελέσθη

208 1240 526 1310 παρουσίᾳ
555 1243 745 1311 μᾶλλον
776 1244 879 1297 τῶν
902 1245 1069 1313 λόγων
1096 1249 1126 1316 ή
1161 1247 1226 1299 δι’
1260 1248 1430 1319 ἔργων
1462 1249 1524 1318 (f;
1554 1249 1641 1320 52)
1669 1250 1954 1320 παρίστησι
1989 1251 2275 1321 μαρτυρία.

764 1356 1144 1410 ΚΕΦΑΛΑΙΟΝ
1181 1361 1262 1412 Κ’.

2438 1363 2660 1419 CAPUT
2707 1365 2819 1420 XX.

305 1456 330 1487 ι
394 1440 587 1493 Ἰακὼϐ
613 1445 639 1494 6
664 1446 787 1507 παῖς
811 1462 928 1514 μου,
957 1447 1305 1517 ἀντιλήψομαι
1329 1450 1486 1503 αὐτοῦ
1506 1468 1520 1481 ·
1567 1452 1741 1523 Ἰσραὴ

1930 1454 1966 1498 ἰ
1999 1446 2167 1504 Iacob
2214 1464 2346 1518 puer
2371 1465 2542 1515 meus,
2568 1453 2851 1521 suscipiam
2875 1468 2996 1508 eum
3026 1474 3042 1510 :
3066 1455 3227 1512 Israel
3278 1460 3387 1515 ele-

202 1523 243 1575 ὁ
305 1528 580 1592 ἐκλεκτός
626 1548 746 1601 μου,
796 1535 1139 1605 προσεδέξατο
1182 1537 1336 1592 αὑτὸν
1381 1542 1413 1609 ἡ
1454 1540 1595 1610 ψυχή
1631 1559 1729 1612 μου

1870 1544 1988 1592 ctus
2016 1553 2184 1603 meus,
2211 1540 2497 1610 assumpsit
2530 1555 2652 1595 eum
2674 1542 2849 1595 anima
2877 1557 2992 1598 mea
3025 1563 3039 1599 :
3066 1545 3190 1601 dedi
3217 1545 3388 1617 Spiri-

199 1616 423 1672 ἔδωκα
455 1622 517 1673 τὸ
542 1624 757 1693 Πνεῦμά
784 1643 880 1694 μου
913 1627 996 1679 ἐπ’
1023 1628 1178 1682 αὐτόν
1196 1646 1208 1659 ’
1236 1629 1407 1699 κρίσιν
1435 1634 1545 1692 τοῖς
1571 1632 1772 1686 ἔθνεσιν
1878 1632 1988 1683 tum
2014 1640 2188 1680 meum
2211 1641 2373 1695 super
2398 1642 2519 1682 eum
2540 1645 2555 1693 ὗ
2577 1628 2835 1696 Ῐυάίθίυω
2859 1632 3102 1699 εθηιίιιιιε
3119 1616 3382 1702 Ρτοῖθῗνθῑὶ

197 1705 480 1768 ἐξοίσει·
519 1711 575 1763 οὐ
607 1712 932 1783 κεκράξεται,
971 1715 1085 1767 οὐδὲ
1119 1716 1318 1786 ἀνήσει,
1358 1717 1477 1770 οὐδὲ
1503 1718 1738 1790 ἀκουσθή

1870 1727 1977 1768 non
1998 1715 2265 1780 clamabit,
2291 1732 2462 1787 neque
2488 1721 2741 1782 remittet,
2779 1732 2953 1788 neque
2977 1721 3224 1777 audietur
3251 1722 3383 1783 foris

198 1806 400 1845 σεται
437 1794 541 1858 ἔξω
571 1799 602 1867 ή
648 1797 790 1867 φωνή
825 1800 1011 1852 αὐτοῦ·
1047 1801 1281 1872 κάλαμον
1313 1803 1661 1875 τεθλασμένον
1705 1810 1766 1861 οὒ
1802 1831 1843 1891 Β

199 1883 545 1952 συντρίψει,
592 1888 681 1940 καὶ
718 1889 854 1941 λίνον
898 1891 1276 1962 καπνιζόμενον
1314 1893 1373 1945 οὐ
1412 1893 1616 1949 σϐέσει·
1651 1897 1767 1950 ἀλλ’

192 1973 300 2034 είς
338 1973 603 2044 ἀλήθειαν
623 1976 808 2039 ἐξοίσει
830 1978 1003 2047 κρίσιν
1023 1995 1038 2010 ο
1063 1981 1357 2051 ἀναλάμψει
1389 1985 1481 2037 καὶ
1506 1986 1564 2037 οὒ
1607 1986 1767 2057 θραυ-

194 2059 498 2129 σθήσεται
528 2061 628 2124 ἓως
654 2063 718 2115 ἀν
746 2064 808 2135 θῇ
833 2065 922 2117 ἐπὶ
956 2066 1053 2136 τῆς
1077 2069 1176 2137 γῆς
1204 2069 1410 2140 κρίσιν·
1444 2072 1536 2124 καὶ
1576 2072 1668 2126 ἐπὶ
1688 2074 1766 2143 τῷ

192 2147 462 2215 ὀνόματι
503 2150 660 2203 αὐτοῦ
696 2151 817 2221 ἔθνη
848 2154 1131 2208 ἐλπιοῦσιν.
1169 2157 1349 2222 Οὕτως
1387 2160 1532 2229 λέγει
1569 2162 1763 2234 Κύριος

187 2238 230 2289 ὀ
271 2237 429 2299 Θεὸς
469 2240 498 2291 6
541 2241 762 2310 ποιήσας
798 2243 885 2295 τὸν
923 2245 1138 2315 οὐρανὸν
1185 2248 1277 2299 καὶ
1319 2250 1490 2320 πήξας
1527 2253 1701 2317 αὐτὸν,
1732 2255 1760 2306 δ

194 2325 545 2395 στερεώσας
569 2328 663 2399 τὴν
686 2331 785 2400 γῆν
808 2332 898 2385 καὶ
923 2331 989 2386 τὰ
1020 2336 1077 2387 ἐν
1098 2334 1252 2406 αὐτῇ,
1277 2339 1368 2391 καὶ
1393 2340 1562 2405 διδοὺς
1598 2344 1760 2413 πνοὴν

188 2412 291 2483 τῷ
340 2413 470 2483 λαῷ
512 2415 588 2485 τῷ
618 2418 702 2468 ἐπ’
746 2419 927 2488 αὐτῆς,
979 2422 1070 2474 καλ⁵
1111 2422 1320 2494 πνεῦμα
1363 2430 1474 2491 τοῖς
1507 2412 1758 2483 πατοῦσιν

191 2502 405 2570 αὐτήν
426 2520 442 2534 ·
469 2502 574 2568 ἐγὼ
604 2504 798 2575 Κύριος
818 2508 845 2558 6
867 2507 994 2570 Θεὸς
1021 2509 1246 2581 ἐκάλεσά
1270 2528 1326 2563 σε
1354 2514 1410 2567 ἐν
1433 2515 1755 2587 δικαιοσύνῃ,

187 2590 309 2643 καὶ
346 2593 614 2662 κρατήσω
652 2594 750 2663 τῆς
786 2597 961 2664 χειρός
998 2613 1089 2649 σου
1120 2601 1211 2651 καὶ
1244 2602 1498 2671 ἐνισχύσω
1535 2621 1625 2657 σε·
1668 2607 1757 2659 καὶ

187 2676 408 2732 ἔδωκά
438 2697 498 2732 σε
524 2682 602 2743 είς
627 2681 879 2754 διαθήκην
904 2686 1087 2751 γένους
1110 2690 1188 2751 είς
1213 2688 1326 2757 φῶς
1345 2691 1528 2757 ἐθνῶν,
1558 2694 1755 2758 ἀνοῖξαι

183 2759 538 2834 ὀφθαλμοὺς
567 2768 790 2837 τυφλῶν,
813 2772 1087 2841 ἐξαγαγεῖν
1108 2778 1171 2829 ἐκ
1192 2777 1400 2847 δεσμῶν
1427 2779 1750 2852 δεδεμένους,

182 2855 303 2907 καὶ
340 2854 407 2919 ἐξ
440 2855 584 2907 οἴκου
616 2858 849 2929 φυλακῆς
889 2862 1216 2934 καθημένους
1247 2869 1303 2921 ἐν
1345 2871 1539 2925 σκότει.
1574 2891 1593 2923 ι
1631 2874 1751 2927 Ὅτι

187 2944 283 3013 μὴ
336 2944 481 3013 περὶ
522 2944 614 2997 τοῦ
648 2946 750 3001 τῶν
786 2950 1044 3006 Ἰουδαίων
1081 2956 1207 3010 λαοῦ
1252 2960 1635 3029 προφητεύεται
1684 2964 1742 3017 τὰ

1847 2960 2080 3015 deorum
2104 2962 2297 3031 populo
2329 2950 2757 3033 prophetizantur
2789 2965 2901 3020 haec
2930 2985 2945 3020 :
2981 2984 3001 3019 ι
3025 2966 3191 3024 Iacob
3239 2983 3370 3038 puer

181 3035 320 3085 ἀπῆ
352 3032 459 3085 τοῦ
482 3050 496 3065 ·
527 3052 547 3084 ι
587 3036 770 3089 Ἰακὼϐ
814 3042 842 3092 6
883 3044 1009 3105 παῖς
1040 3061 1159 3112 μου,
1182 3047 1528 3118 ἀντιλήψομαι
1567 3052 1742 3113 αὐτοῦ,

1848 3064 2019 3114 meus,
2051 3032 2337 3119 suscipiam
2357 3067 2481 3107 eum
2494 3051 2693 3119 ;.lsrael
2731 3055 2932 3111 electus
2960 3071 3129 3121 meus,
3159 3072 3368 3114 assum-

182 3125 455 3196 Ησραὴλ
485 3128 513 3177 6
557 3127 796 3192 ἐκλεκτός
837 3147 955 3199 μου,
983 3136 1328 3202 προσεδέξατο
1354 3140 1510 3192 αὐτὸν
1548 3143 1583 3208 ή
1609 3140 1742 3211 ψυχή

1849 3138 1954 3204 psit
1980 3152 2100 3191 eum
2146 3139 2322 3192 anima
2354 3155 2491 3203 mea,
2520 3158 2539 3192 ι
2579 3149 2633 3196 et
2658 3143 2888 3212 reliqua,
2916 3146 3253 3203 manifestum
3284 3155 3367 3202 est

184 3232 341 3284 μου,
386 3233 406 3264 ι
440 3214 603 3281 σαφὲς
631 3216 775 3269 ἔσται
799 3222 907 3282 τοῖς
928 3221 1191 3277 ἐθέλουσιν
1223 3226 1450 3297 ἑκάστην
1472 3229 1614 3294 λέξιν
1642 3231 1742 3284 τῶν

1847 3225 2085 3294 singulas
2108 3226 2331 3294 hujusce
2350 3229 2638 3297 prophetiae
2663 3244 2821 3287 voces
2846 3234 3168 3302 perpendere
3186 3237 3361 3291 volen-

179 3303 597 3375 προκειμένων
630 3304 910 3369 ἐξετάζειν.
946 3310 1078 3364 ἀλλά
1108 3314 1198 3365 καὶ
1243 3315 1347 3367 ἀπὸ
1384 3317 1482 3388 τῆς
1516 3319 1652 3372 κατὰ
1687 3320 1749 3373 τὸ

191 3392 524 3462 Ἐσραῖκδν
567 3394 838 3463 ἀκριϐείας
883 3398 1034 3454 τοῦτο
1078 3402 1229 3470 δῆλόν
1269 3405 1409 3458 ἐστιν
1431 3424 1446 3437 ·
1503 3407 1610 3461 οὔτ’
1654 3406 1747 3464 οὖν

179 3483 253 3538 τὸ
300 3478 516 3566 Ἰακὼϐ
561 3479 744 3549 ὄνομα,
786 3483 903 3537 οὔτε
944 3487 1004 3539 τὸ
1046 3489 1252 3560 Ἰσραὴλ
1289 3494 1345 3544 ἐν
1391 3493 1536 3563 αὐτῷ
1581 3497 1745 3566 ἐμφέ-

185 3585 371 3640 ρεται
392 3584 406 3595 ·
438 3565 555 3619 ὅθεν
596 3570 686 3622 καὶ
716 3570 993 3626 ὠϐέλισται
1018 3577 1162 3647 παρά
1191 3581 1300 3642 τοῖς
1334 3565 1623 3653 ἀκριϐέσιν
1654 3587 1745 3638 ἀν-

181 3656 508 3728 τιγράφοις
557 3656 661 3710 τῶν
696 3660 1098 3733 Ἑϐδομήκοντα,
1125 3668 1306 3721 καθότι
1349 3686 1411 3737 γε
1448 3672 1545 3725 οὐκ
1590 3674 1743 3737 ἀλλος

182 3745 311 3797 τῶν
365 3742 589 3796 δικαίων
633 3745 768 3817 πλὴν
803 3748 894 3801 τοῦ
931 3751 1170 3822 Σωτῆρος
1207 3754 1358 3823 ήμῶν
1401 3758 1566 3827 Ἰησοῦ
1607 3761 1742 3831 Χρι-

189 3833 365 3896 στοῦ,
415 3832 534 3884 οὐδὲ
576 3834 680 3903 μὴν
719 3837 875 3900 αὐτὸς
915 3841 943 3892 6
989 3841 1080 3893 τοῦ
1123 3843 1299 3898 Ἰσαὰκ
1338 3845 1371 3915 ή
1423 3847 1608 3901 Ἰακὼϐ
1648 3851 1741 3903 καὶ

203 3922 446 3993 Ἰσραὴλ
472 3926 910 3994 προσαγορευθεὶς
938 3928 1167 3995 τοιοῦτός
1196 3950 1277 3996 τις
1303 3930 1391 4005 ῆν,
1417 3935 1491 3998 ὡς
1511 3938 1740 4009 ἐφαρμό-

189 4013 320 4077 ζειν
370 4012 519 4080 αὐτῷ
559 4012 806 4075 δύνασθαι
849 4017 915 4070 τὰ
955 4021 1310 4091 προκείμενα,
1360 4024 1543 4079 οὐδένα
1590 4024 1739 4098 οἶμαι

189 4100 597 4172 ἀμφιϐάλλειν·
640 4103 723 4155 ἵνα
761 4105 865 4174 γὰρ
901 4108 990 4160 καὶ⁵
1027 4109 1226 4181 ἑτέροις
1267 4113 1491 4183 ἀρμόσοι
1523 4128 1604 4179 τις
1650 4118 1731 4170 τό*

1841 4133 1859 4165 ι
1883 4113 2146 4171 Iudicium
2175 4118 2421 4186 gentibus
2450 4100 2699 4188 proferet,
2736 4140 2757 4173 ι
2797 4130 2849 4183 et
2875 4136 2993 4191 quae
3032 4100 3347 4191 sequuntur.

194 4210 217 4243 ι
259 4191 489 4244 Ἔδωκα
520 4191 579 4243 τὸ
604 4192 822 4263 Πνεῦμα
855 4211 953 4264 μου
980 4199 1064 4250 ἐπ’
1091 4200 1266 4266 αὐτὸν,
1301 4222 1320 4253 ι
1357 4204 1407 4256 τί
1431 4205 1475 4257 δ’
1503 4205 1568 4258 ἂν
1594 4207 1735 4261 είποι

1841 4206 2225 4276 praesertimque
2250 4208 2378 4261 illud
2407 4226 2421 4261 :
2449 4226 2468 4258 ι
2492 4208 2557 4263 Et
2580 4210 2635 4264 in
2664 4212 2876 4266 nomine
2894 4212 3011 4279 ejus
3025 4220 3209 4281 gentes
3229 4227 3351 4283 spe-

184 4284 276 4344 είς
308 4280 398 4332 τά
438 4297 458 4330 ι
492 4281 683 4350 Κρίσιν
725 4287 831 4346 τοῖς
872 4285 1071 4340 ἔθνεσιν
1097 4288 1308 4355 ἐξοίσει,
1340 4310 1359 4342 ι
1408 4295 1501 4346 καὶ
1544 4297 1622 4356 είς
1664 4297 1733 4350 τὰ

1841 4292 2068 4346 rabunt?
2097 4312 2117 4344 ι
2153 4293 2431 4358 Quomodo
2460 4303 2637 4351 autem
2661 4299 2916 4354 credibile
2941 4280 3085 4353 esset
3113 4301 3225 4355 sive
3247 4280 3345 4354 Iu-

185 4371 349 4440 ὲξῆς,
381 4369 478 4421 καὶ
521 4368 744 4438 μάλιστα
781 4373 859 4424 τό·
906 4392 925 4424 ι
959 4376 1065 4429 Καὶ
1102 4377 1191 4430 ἐπὶ
1219 4379 1295 4449 τῷ
1322 4382 1537 4451 ὀνόματι
1569 4384 1731 4438 αὐτοῦ

1841 4380 2070 4435 daorum
2102 4384 2315 4452 populo,
2346 4386 2459 4440 sive
2483 4386 2586 4455 ipsi
2617 4387 2727 4441 lilio
2751 4389 2920 4453 Isaac,
2947 4390 3133 4458 Iacob,
3156 4392 3269 4448 sive
3292 4398 3348 4446 et

186 4459 325 4528 ἔθνη
354 4457 661 4522 ἐλπιοῦσιν;
708 4476 726 4509 ι
756 4460 874 4522 Πῶς
901 4463 957 4515 δὲ
991 4465 1092 4516 κᾶν
1117 4467 1331 4522 πιθανὸν
1370 4472 1450 4541 εἴη
1486 4473 1602 4542 ἤτοι
1622 4474 1728 4526 τῶν

1841 4471 2002 4524 cuivis
2025 4470 2291 4538 justorum
2313 4473 2424 4538 alii,
2452 4488 2517 4529 ea
2539 4475 2826 4533 convenire
2851 4497 2865 4532 :
2905 4496 2924 4528 ‹
2956 4477 3086 4534 Dedi
3116 4457 3168 4534 te
3191 4479 3247 4535 in
3266 4487 3347 4534 te-

197 4547 484 4601 Ἰουδαίων
513 4546 696 4618 λαῷ,ἢ
731 4550 821 4601 καὶ
845 4550 987 4619 αὐτῷ
1013 4552 1089 4623 τῷ
1110 4557 1201 4609 τοῦ
1238 4558 1416 4613 Ἰσαὰκ
1452 4561 1660 4626 Ἰακὼϐ,
1694 4563 1726 4633 ἢ

1841 4566 2148 4614 stamentum
2187 4562 2400 4629 generis
2432 4564 2490 4617 in
2522 4563 2701 4620 limen
2741 4569 2999 4637 gentium,
3022 4577 3083 4625 ut
3106 4572 3348 4641 aperires

185 4638 290 4690 καὶ
321 4635 499 4703 ἑτέρῳ
524 4637 629 4688 τινὶ
651 4637 754 4689 τῶν
782 4638 992 4691 δικαίων
1015 4642 1332 4712 ἐφαρμόζειν
1357 4649 1419 4701 τό
1437 4663 1452 4679 ⁸
1487 4668 1505 4700 ι
1522 4649 1730 4703 Ἕδωκά

1841 4647 2012 4701 sculos
2038 4661 2323 4712 caecorum,
2363 4660 2417 4706 et
2448 4652 2706 4710 educeres
2733 4635 2797 4710 ex
2830 4657 3054 4712 vinculis
3085 4635 3345 4727 illigatos.

189 4742 253 4779 σε
279 4728 368 4790 είς
389 4725 648 4797 διαθήκην
671 4727 870 4794 γένους,
892 4731 967 4791 είς
987 4731 1095 4797 φῶς
1117 4733 1297 4800 ἐθνῶν,
1319 4738 1519 4802 ἀνοῖξαι
1538 4740 1731 4809 ὀφθαλ-

1841 4739 1878 4785 et
1901 4732 1967 4785 de
1994 4731 2153 4788 domo
2179 4740 2410 4793 carceris
2456 4742 2724 4797 sedentes'
2751 4743 2807 4795 in
2857 4744 3128 4797 tenebris?
3166 4725 3189 4796 ί
3216 4743 3343 4805 Haec

190 4817 335 4884 μοὺς
375 4815 610 4883 τυφλῶν,
628 4816 919 4885 ἐξαγαγεῖν
953 4820 1014 4873 ἐκ
1043 4820 1250 4891 δερ-μῶν
1278 4825 1603 4896 δεδεμένους,
1632 4832 1723 4884 καὶ

1841 4834 1952 4873 vero
2002 4822 2178 4885 nobis,
2225 4827 2378 4891 quasi
2404 4827 2760 4890 circumcisis.
2810 4827 3144 4884 discutienda
3192 4840 3339 4885 sunt.

1868 1814 1970 1853 vox
1996 1801 2133 1869 ejus;
2157 1802 2415 1857 calamum
2442 1804 2730 1858 contritum
2757 1820 2866 1859 non
2890 1805 3116 1876 franget,
3142 1817 3196 1862 et
3215 1809 3382 1866 linum

1866 1886 2130 1959 fumigans
2168 1906 2277 1944 non
2309 1892 2642 1962 exstinguet;
2676 1894 2770 1949 sed
2798 1894 2854 1948 in
2894 1895 3114 1951 veritate
3150 1897 3381 1966 proferet

1857 1977 2140 2046 judicium,
2176 1981 2554 2049 resplendebit,
2584 1992 2638 2038 et
2660 1998 2767 2038 non
2794 1986 3258 2054 conquassabitur,
3279 1988 3380 2043 do-

1861 2081 1959 2121 nec
1982 2077 2142 2137 ponat
2155 2069 2211 2123 in
2225 2071 2655 2140 terrajudicium,
2678 2081 2731 2129 et
2751 2073 2806 2128 in
2825 2075 3040 2128 nomine
3056 2075 3174 2144 ejus
3192 2086 3375 2146 gentes

1860 2156 2166 2224 sperabunt.
2204 2157 2294 2214 Sic
2320 2159 2448 2215 dicit
2504 2160 2758 2217 Dominus
2819 2161 2980 2229 Deus,
3007 2164 3098 2233 qui
3126 2164 3248 2221 fecit
3268 2181 3380 2221 cm-

1859 2242 1988 2305 lum,
2008 2254 2060 2298 et
2086 2245 2308 2301 intendit
2334 2246 2486 2312 illud,
2512 2250 2603 2317 qui
2626 2249 2852 2313 ﬁrmavit
2870 2260 3068 2307 terram
3093 2263 3148 2309 et
3173 2269 3237 2310 ea
3258 2271 3378 2326 qua

1857 2338 1982 2384 sunt
2010 2330 2064 2385 in
2090 2332 2224 2401 ipsa,
2256 2335 2456 2406 quique
2488 2336 2578 2389 dat
2607 2336 2788 2392 ﬂatum
2832 2341 3047 2410 papulo,
3087 2342 3179 2411 qui
3205 2354 3289 2399 est
3321 2344 3377 2399 in

1855 2436 1938 2487 ea,
1964 2436 2017 2482 et
2033 2427 2277 2497 spiritum
2306 2427 2633 2483 calcantibus
2655 2442 2791 2484 eam.
2821 2429 2928 2500 Ego
2953 2430 3204 2489 Dominus
3223 2432 3366 2489 Deus

1854 2524 1979 2569 tuus
2007 2516 2191 2570 vocavi
2218 2523 2271 2570 te
2294 2516 2352 2569 in
2376 2515 2601 2584 iustitia,
2633 2525 2686 2573 e't
2719 2521 3112 2588 apprehendam
3139 2536 3365 2578 manum.

1853 2589 2017 2668 tu'am,
2039 2613 2093 2659 et
2113 2604 2471 2660 corroborabo
2498 2616 2549 2660 te
2573 2625 2589 2661 :
2616 2615 2670 2662 et
2693 2606 2815 2663 dedi
2844 2616 2896 2664 te
2917 2609 2973 2663 in
2998 2617 3371 2666 testamentum

1851 2694 2061 2763 generis
2094 2695 2153 2747 in
2189 2695 2369 2749 lumen
2398 2694 2655 2765 gentium,
2685 2704 2746 2751 ut
2776 2699 3011 2768 aperires
3048 2701 3231 2755 oculos
3266 2716 3372 2757 ca:-

1850 2797 2053 2845 corum.
2073 2790 2126 2839 et
2148 2783 2402 2840 educeres
2433 2801 2499 2840 ex
2520 2785 2747 2842 vinculis
2769 2789 3018 2858 illigatos,
3045 2797 3101 2844 et
3126 2790 3192 2845 de
3212 2790 3370 2846 domo

1849 2872 2081 2927 carceris
2112 2872 2354 2929 sedentes
2381 2874 2439 2928 in
2461 2874 2699 2931 tenebris
2728 2876 2767 2931 ‘.
2805 2895 2824 2929 ι
2855 2877 3008 2943 Quod
3040 2894 3146 2934 non
3171 2880 3237 2936 de
3269 2879 3369 2935 Iud

1843 3313 2009 3376 tibus,
2041 3313 2136 3368 sed
2166 3314 2324 3368 etiam
2369 3317 2487 3384 ipso
2515 3315 2777 3373 Hebraico
2812 3327 2958 3374 textu
2988 3330 3151 3390 patet.
3180 3323 3364 3392 Neque

1840 3399 2026 3468 Iacob,
2052 3418 2225 3472 neque
2252 3402 2413 3467 Israel
2443 3406 2682 3460 nominat
2716 3425 2732 3460 :
2764 3409 2902 3476 apud
2948 3410 3092 3478 ipsos
3136 3412 3352 3480 quidem

1844 3490 2186 3562 Septuaginta
2223 3493 2378 3549 obelo
2404 3494 2669 3564 signatum
2705 3505 2785 3551 est
2827 3511 3018 3551 nomen
3060 3499 3212 3562 illud,
3232 3514 3361 3568 quo.

1840 3582 1984 3635 niam
2017 3596 2127 3637 non
2159 3582 2427 3650 iustorum
2458 3585 2615 3649 alius,
2646 3585 2752 3640 nisi
2779 3584 3020 3641 Salvator
3049 3595 3232 3643 noster
3264 3588 3355 3644 Ie—

1840 3685 1933 3725 sus
1961 3670 2229 3735 Cbristus,
2261 3686 2368 3727 non
2389 3673 2601 3742 quidem
2641 3674 2757 3743 ipse
2797 3674 2940 3729 ﬁlius
2969 3675 3136 3740 Isaac,
3163 3675 3352 3738 Iacob,

1838 3760 1920 3814 vel
1945 3757 2108 3815 Israel
2129 3759 2525 3827 denominatur,
2551 3763 2598 3817 is
2619 3769 2735 3816 erat
2762 3762 2849 3817 cui
2877 3762 3113 3833 adaptari
3136 3775 3352 3832 possent

1838 3850 2093 3918 praedicta
2108 3852 2304 3918 verba;
2329 3860 2488 3921 atque
2508 3854 2657 3918 illud,
2683 3861 2739 3908 ut
2758 3856 2964 3924 opinor,
2980 3855 3111 3908 nulli
3131 3854 3351 3909 dubium

1836 3948 1936 3993 est.
1961 3937 2096 3993 Dato
2114 3941 2254 3994 enim
2270 3941 2414 4010 quod
2446 3942 2566 3998 aliis
2587 3958 2798 4011 quoque
2824 3943 2937 3998 hac
2964 3944 3345 3998 convenirent:

1837 4043 1856 4077 ι
1873 4025 1997 4081 Dedi
2008 4027 2258 4095 Spiritum
2277 4044 2449 4084 meum
2464 4045 2624 4101 super
2635 4033 3021 4098 eumpcuiuam
3035 4032 3139 4086 dici
3149 4032 3318 4102 potuit
3330 4049 3349 4087 :

187 4904 253 4970 ἐξ
290 4903 452 4957 οἴκου
497 4905 736 4975 φυλακῆς
777 4907 1103 4976 καθημένους
1144 4913 1200 4963 ἐν
1249 4915 1457 4980 unde“;
1499 4936 1517 4967 ι
1564 4919 1723 4972 Ἀλλὰ

184 4991 368 5046 ταῦτα
392 4994 524 5061 ἡμῖν
545 4992 619 5054 ὼς
639 4993 770 5062 πρὸς
790 4996 910 5057 τοὺς
931 4997 993 5048 ἐκ
1016 5001 1314 5078 περιτομῆς,
1328 5005 1684 5075 ἐπηπορήσθω
1703 5024 1717 5037 ·

186 5080 385 5148 σαφῶς
412 5095 477 5147 γε
505 5082 609 5150 μὴν
630 5083 772 5151 ἡμᾶς
808 5083 867 5135 τὸ
904 5085 1220 5154 Εὐαγγέλιον
1246 5090 1336 5141 ἐπὶ
1361 5091 1453 5143 τοῦ
1477 5093 1720 5165 Σωτῆρος

182 5168 350 5238 ήμῶν
393 5167 566 5237 Ἰησοῦ
596 5168 828 5222 διδάσκει
870 5174 958 5224 καὶ
993 5174 1187 5245 ταύτην
1218 5177 1597 5249 πεπληρῶσθαι
1624 5183 1718 5252 τήν

184 5255 548 5325 προφητείαν,
600 5257 686 5307 ὅτε
722 5274 741 5306 ι
771 5257 1062 5323 ἐξελθόντες
1090 5264 1136 5313 οἱ
1185 5264 1458 5333 Φαρισαῖοι
1489 5267 1719 5335 συμϐού-

179 5341 299 5394 λιον
332 5340 456 5394 κατ’
496 5341 656 5395 αὐτοῦ
691 5342 894 5407 ἔλαϐον,
924 5347 1066 5410 ὅπως
1097 5348 1252 5402 αὐτὸν
1274 5350 1617 5405 ἀπολέσωσιν.
1655 5356 1715 5409 '0

179 5429 236 5482 δὲ
288 5428 498 5498 Ἰησοῦς
536 5432 691 5496 γνοὺς
720 5432 1051 5503 ἀνεχώρησεν
1088 5435 1289 5489 ἐκεῖθεν
1314 5453 1328 5466 ·
1370 5439 1461 5492 καὶ
1490 5441 1712 5508 ἠκολού-

180 5515 361 5586 θησαν
394 5515 542 5583 αὐτῷ
566 5516 758 5579 πολλοὶ,
787 5520 875 5570 καὶ
898 5521 1251 5590 ἐθεράπευσεν
1272 5526 1460 5588 αὐτοὺς
1482 5528 1680 5594 πάντας
1694 5549 1707 5562 ·

254 5666 274 5697 ¹
300 5665 425 5720 lsai.
460 5680 588 5727 xw,
628 5667 739 5720 1-7.
814 5671 832 5699 ⁸
862 5668 1166 5733 Matth.,xu.
1203 5672 1282 5725 Η.

504 5756 764 5813 ΡΑτιιοι.
812 5758 923 5816 Gn.
972 5759 1158 5820 XX“.

1823 4905 2098 4963 Nanifeste
2134 4925 2233 4964 nos
2268 4910 2607 4982 Evangelium
2632 4928 2661 4967 a
2694 4914 2970 4968 Salvatore
2996 4922 3185 4969 nostro
3214 4915 3341 4971 Iesu

1821 4995 1956 5049 hanc
1975 4996 2130 5051 docet
2151 5000 2477 5067 prophetiam
2498 5004 2766 5073 impletam
2790 5002 2979 5065 fuisse,
3006 5017 3135 5057 cum
3166 5021 3186 5054 ι
3210 5003 3348 5059 Phag-

1819 5084 1956 5139 risaei
1981 5096 2236 5143 exeuntes
2279 5091 2562 5146 consilium
2608 5093 2870 5147 adversus
2901 5104 3030 5144 eum
3068 5102 3350 5160 ceperunt.

1820 5181 1878 5226 ut
1916 5188 2038 5226 eum
2069 5176 2448 5234 interﬁcerent.
2478 5180 2631 5246 Quod
2677 5196 2814 5235 vero
2858 5179 3017 5234 Iesus
3048 5181 3249 5240 sciens.
3276 5196 3357 5233 se-

1816 5264 1977 5317 cessit
2018 5264 2140 5320 inde
2165 5285 2177 5320 :
2200 5275 2255 5321 et
2293 5277 2486 5323 secuta:
2515 5279 2640 5325 sunt
2671 5285 2805 5323 eum
2854 5268 3029 5323 turba:
3067 5266 3277 5326 multa.
3314 5275 3367 5328 et

1817 5351 2022 5407 curavit
2049 5370 2141 5410 eos
2166 5372 2350 5413 omnes
2375 5398 2389 5421 ,
2418 5369 2471 5415 et
2501 5361 2764 5430 praecepit
2795 5361 2880 5415 eis
2914 5373 2985 5412 ne
3016 5353 3375 5407 manifestum

1817 5444 1988 5511 ipsum
2010 5444 2243 5500 facerent
2269 5451 2309 5500 ’.
2348 5469 2367 5499 »
2400 5449 2493 5505 His
2521 5452 2664 5505 enim
2695 5449 2931 5511 additur
2950 5450 3008 5500 in
3033 5446 3338 5516 Evangelio
3365 5460 3390 5515 ι.

1822 5553 1841 5586 ι
1873 5534 1938 5590 Ut
1968 5537 2273 5607 impleretur
2292 5540 2430 5608 quod
2454 5541 2654 5596 dictum
2683 5549 2785 5595 est
2810 5556 2912 5609 per
2930 5537 3141 5592 lsaiam
3178 5534 3397 5602 prophe-

2990 5775 3069 5830 3‘.)
