3952 6402
125 425 322 482 1229

1195 436 1478 494 ECLOGAZ
1517 435 2050 493 ΡΒΟΡΠΕΤῙΟᾸιλ-
2089 435 2212 492 LIB.
2253 436 2339 492 IV.

3196 445 3338 498 I250

119 551 460 620 στραγγα)
475 553 643 609 ιῶδες.
677 575 692 605 ι
706 575 796 607 ~-i
818 557 1106 628 Ἀμαρτιαν
1123 559 1226 628 γάρ
1245 575 1322 610 τοι
1337 559 1432 609 οὐκ
1447 557 1711 626 ἐποίησεν,

1813 555 1928 622 ejus
1961 565 1996 609 ι.
2034 574 2052 606 ι
2086 553 2181 608 Hic
2205 570 2414 623 quoque
2456 555 2720 611 civitatem
2747 559 3024 614 aediﬁcavit
3054 561 3180 626 Dei,
3217 576 3344 615 san-

117 641 198 691 oz‘.
213 641 291 693 δὲ
317 643 522 714 εὑρέθη
546 646 690 708 δόλος
718 649 771 698 ὲν
794 648 867 714 τῷ
884 648 1103 716 στόματι
1127 647 1304 699 αὑτοῦ.
1334 643 1520 708 ,Οὗτος
1547 647 1601 698 δὲ
1625 646 1716 698 καὶ

115 730 255 799 τὴν
310 733 472 785 πόλιν
492 735 798 804 ᾠκοδόμησε
820 737 908 788 τοῦ
944 737 1093 797 Θεοῦ,
1125 738 1220 806 τήν
1239 754 1294 788 τε
1317 739 1404 788 ἐπὶ
1441 737 1542 802 γῆς
1563 735 1716 796 ἁγίαν

137 820 522 891 Ἐκκλησίαν
555 824 714 876 αὑτοῦ
747 826 839 877 καὶ
870 825 962 895 τὴν
991 826 1300 895 ἐπουράνιον
1342 823 1713 895 Ἰερουσαλήμ’

125 910 522 981 ἐπιστρέψας
565 914 660 982 τὴν
702 915 1064 983 αἰχμαλωσίαν
1103 916 1194 967 τοῦ
1242 914 1366 966 λαοῦ
1412 913 1592 976 αὐτοῦ,
1621 913 1716 982 τὴν

127 1004 484 1072 γενομένην
526 1006 654 1056 ποτὲ
682 1006 782 1057 ὑπὸ
808 1005 894 1057 τὸν
929 1007 1110 1073 νοητὸν
1133 1003 1602 1074 Ναϐουχοδονόσορ,
1628 1004 1719 1055 καὶ

127 1090 261 1154 τὰς
309 1093 409 1144 ὑπ’
440 1095 601 1146 αὑτὸν
641 1095 889 1163 δυνάμεις
924 1094 1156 1163 πονηράς
1181 1112 1193 1124 ο
1239 1096 1328 1146 καὶ
1366 1093 1427 1163 δὴ
1462 1092 1556 1162 τὴν
1591 1109 1720 1161 ’προ⁹

129 1197 293 1252 ειρη
307 1183 484 1252 μένην
520 1184 879 1253 αἰχμαλωσίαν
913 1184 1257 1253 ὑπέστρεψεν,
1293 1184 1351 1235 οὗ
1394 1183 1557 1253 λύτρα
1599 1183 1720 1243 δοὺς
1770 1245 1774 1250 _

127 1273 279 1332 τοῖς
313 1272 836 1340 αἰχμαλωτεύσασιν,
872 1273 988 1324 οὐδὲ
1020 1271 1121 1341 μὴν
1152 1270 1337 1341 δώροις
1367 1272 1557 1332 αὐτοὺς
1601 1269 1716 1322 πεί-

130 1377 288 1423 σας,
321 1360 662 1429 στρατεύσας
688 1361 747 1414 δὲ
771 1362 885 1411 κατ’
908 1361 1080 1411 αὐτῶν
1107 1360 1195 1411 καλ⁵
1219 1359 1280 1410 δι’
1303 1357 1505 1426 ἀγῶνος
1525 1357 1716 1417 αὐτοὺς

127 1453 604 1521 χειρωσάμενος,
643 1451 776 1504 ὥστε
818 1453 908 1503 ἐπὶ
952 1451 1026 1519 τῷ
1063 1449 1430 1519 κατορθώματι
1474 1449 1717 1519 λαμπρυ-

131 1537 412 1606 νὰμενον
447 1539 641 1605 φάναι·
678 1557 696 1587 ‹
732 1539 867 1604 Ἐγὼ
890 1538 1138 1607 νενίκηκα
1167 1538 1254 1589 τὸν
1282 1538 1497 1602 κόσμον.
1529 1556 1547 1587 ι
1575 1538 1718 1606 Μαρ-

129 1629 327 1695 τυρεῖ
366 1625 430 1692 (f.
466 1627 554 1695 55)
586 1625 787 1688 τούτοις
818 1627 882 1677 τὰ
913 1625 1084 1695 πλήθη
1116 1625 1218 1676 τῶν
1261 1626 1364 1677 ἀπὸ
1403 1625 1499 1693 τῆς
1531 1624 1718 1694 προτέ-

138 1730 260 1781 ρας
301 1714 520 1783 πλάνης
552 1713 641 1765 ἐπὶ
664 1714 722 1765 τὸ
747 1712 1023 1780 γινώσκειν
1053 1715 1138 1765 τὸν
1171 1713 1340 1783 ἀληθῆ
1369 1713 1495 1765 Θεὸν
1523 1713 1587 1765 δι’
1621 1715 1715 1764 αὑ-

132 1797 252 1850 τοῦ
296 1800 642 1870 παλινδρομη
650 1801 847 1852 σάντων
866 1800 927 1868 ’ἦ
950 1800 1245 1868 λεγέτωσαν
1269 1803 1316 1852 οἱ
1335 1802 1395 1852 ὲκ
1419 1801 1712 1871 περιτομῆς

1816 652 1954 697 ctam
1994 645 2049 697 in
2100 653 2241 698 terra
2269 643 2556 698 Eeclesiam
2605 645 2742 713 ejus,
2777 650 3154 719 caelestemque
3188 649 3347 705 Jeru‘

1816 735 2014 800 salem;
2048 749 2168 787 cum
2209 735 2560 789 convertisset
2601 738 2955 805 captivitatem
2999 740 3177 808 populi
3235 743 3344 793 sui.

1815 839 1931 893 quae
1950 824 2124 878 evenit
2152 825 2250 877 sub
2271 825 2535 894 spirituali
2565 823 3075 889 Nabuchodonosor,
3101 816 3348 882 nefariis-

1815 929 1915 982 que
1939 912 2168 966 subditis
2187 913 2237 966 ei
2275 913 2661 983 potestatibus;
2685 921 2739 968 et
2764 929 2894 968 sane
2916 914 3219 981 pra'dictam
3249 930 3346 969 ca-

1816 1002 2106 1071 ptivitatem
2131 1004 2413 1066 convertit,
2451 1017 2556 1056 non
2585 1003 2810 1071 pretium
2841 1003 2972 1058 dans
2996 1005 3345 1058 custodienti-

1815 1091 1936 1151 bus,
1962 1105 2132 1158 neque
2159 1106 2251 1144 eos
2299 1091 2609 1152 muneribus
2632 1101 2870 1160 captans,
2902 1092 3167 1160 praaliatus
3216 1109 3341 1146 vero

1817 1180 2071 1234 adversus
2108 1195 2239 1242 eos,
2293 1189 2344 1233 et
2384 1181 2675 1235 certamine
2716 1196 2807 1235 eos
2855 1181 3132 1249 dejiciens,
3163 1183 3234 1236 ita
3281 1195 3339 1236 ut

1813 1282 1980 1322 ovans
2010 1270 2367 1322 exclamaret:
2409 1289 2426 1320 σ
2477 1269 2583 1338 Ego
2636 1269 2732 1322 vici
2783 1270 3036 1323 mundum
3065 1273 3106 1324 ³.
3149 1289 3167 1322 ι
3222 1270 3344 1326 Haec

1817 1359 2096 1410 conlirmat
2130 1358 2411 1413 multitudo
2435 1374 2616 1414 eorum
2645 1361 2734 1429 qui
2762 1375 2790 1412 a
2823 1361 3046 1429 pristino
3073 1376 3253 1414 errore
3275 1362 3339 1413 ad

1819 1458 1996 1498 veram
2047 1444 2138 1499 Dei
2173 1445 2449 1499 scientiam
2497 1447 2734 1514 perducti
2778 1455 2904 1502 sunt
2929 1463 3020 1517 per
3050 1463 3170 1502 eum
3203 1467 3215 1502 :
3255 1449 3339 1502 di-

1813 1541 1937 1586 cant
1969 1535 2060 1603 qui
2099 1550 2164 1589 ex
2190 1536 2596 1591 circumcisione
2622 1545 2765 1598 sunt,
2795 1537 2881 1590 cui
2913 1539 3199 1592 convenire
3221 1553 3346 1607 pos-

1815 1624 1920 1677 sint
1945 1625 2103 1678 verba
2138 1625 2297 1694 hujus
2323 1627 2630 1694 prophetiae,
2659 1626 2821 1680 Deum
2875 1627 3155 1682 manifeste
3182 1630 3348 1682 conli-

1811 1719 1990 1770 teutis.
2023 1735 2041 1766 ‹
2085 1714 2148 1768 Hi
2169 1717 2332 1780 enim,
2360 1718 2451 1777 ait,
2479 1717 2530 1769 hi
2555 1717 2646 1770 tibi
2675 1725 2832 1770 erunt
2859 1717 3022 1779 servi,
3056 1725 3108 1770 et
3146 1729 3264 1786 post
3292 1725 3347 1772 te

1813 1805 2178 1867 ambulabunt,
2204 1814 2255 1860 et
2281 1805 2578 1859 adorabunt
2605 1814 2677 1869 te,
2707 1813 2759 1859 et
2794 1807 2846 1858 in
2874 1817 2923 1860 te
2943 1806 3191 1867 orabunt,
3215 1822 3350 1875 quo-

139 1890 254 1942 ἐπὶ
295 1891 428 1944 τίνα
450 1891 494 1942 δ’
517 1891 581 1944 ἂν
628 1893 907 1961 ἁρμόζοιεν
935 1893 1000 1944 τὰ
1033 1894 1126 1963 τῆς
1156 1894 1289 1962 μετὰ
1312 1896 1492 1964 χεῖρας
1516 1910 1711 1963 προφη-

1817 1895 1955 1946 niam
1978 1894 2031 1947 in
2056 1902 2106 1948 te
2129 1902 2210 1948 est
2237 1894 2394 1958 Deus,
2423 1903 2478 1948 et
2515 1910 2619 1948 non
2644 1905 2726 1949 est
2755 1894 2894 1949 Deus
2926 1903 3119 1963 praeter
3145 1903 3216 1949 te.
3265 1895 3344 1948 Tu

133 1981 320 2043 τείας
362 1981 553 2048 σαφῶς
584 1982 711 2034 Θεὸν
735 1982 1088 2053 ὁμολογούσης
1115 1984 1202 2035 τὸν
1231 1984 1712 2053 προφητευόμενον·

142 2089 164 2119 ι
205 2073 284 2123 Οἱ
313 2072 381 2123 δὲ
407 2071 570 2137 γάρ,›
599 2073 747 2140 φησὶ,
783 2091 800 2121 ‹
833 2072 923 2123 καὶ
946 2073 1049 2124 οἵδε
1076 2073 1156 2124 σοὶ
1176 2073 1380 2124 ἔσονται
1408 2073 1596 2135 δοῦλοι,
1626 2074 1716 2125 καὶ

133 2161 347 2213 ὀπίσω
409 2179 503 2214 σου
555 2161 983 2229 ἀκολουθήσουσι,
1014 2165 1104 2215 καὶ
1146 2163 1565 2232 προσκυνήσουσί
1615 2180 1714 2225 σοι,

136 2253 253 2304 ’καὶ
309 2253 373 2304 ἐν
405 2252 487 2302 σοὶ
522 2251 916 2319 προσεύξονται,
945 2253 1023 2304 ὅτι
1051 2254 1105 2304 ἐν
1131 2254 1212 2304 σοὶ
1251 2255 1279 2304 ὁ
1309 2251 1438 2314 Θεός
1469 2254 1600 2312 ἐστι,
1627 2254 1717 2304 καὶ

135 2341 257 2393 οὐκ
292 2341 455 2392 ἔστιν
484 2340 636 2402 ἄλλος
668 2341 801 2409 πλὴν
842 2339 932 2391 σοῦ
957 2357 969 2372 ·
1008 2342 1070 2392 σὺ
1100 2340 1205 2410 γὰρ
1238 2335 1288 2391 εἷ
1313 2339 1460 2401 Θεὸς,
1491 2340 1582 2392 καὶ
1619 2340 1717 2391 οὐκ

131 2431 421 2501 ᾔδειμεν,
451 2429 582 2492 Θεὸς
613 2429 702 2482 τοῦ
742 2430 947 2500 Ἰσραὴλ
977 2431 1182 2500 Σωτήρ.
1226 2449 1243 2480 ι
1283 2429 1471 2497 Σαφῶς
1505 2429 1608 2498 γάρ
1637 2446 1716 2480 τοι

141 2522 418 2576 ἐνταῦθα
476 2516 519 2589 ᾧ
546 2521 728 2589 λέγετο
779 2521 862 2584 τὸ,
903 2519 980 2572 ὅτι
1028 2538 1045 2569 ι
1083 2521 1111 2571 ό
1150 2519 1278 2582 Θεὸς
1319 2521 1374 2570 ὲν
1411 2519 1490 2571 σοί
1530 2523 1659 2579 ἐστι,
1692 2538 1709 2568 ι

137 2615 349 2684 τούτῳ
380 2611 714 2682 προσφωνῶν
746 2627 903 2679 φησιν
926 2611 953 2661 ὁ
976 2609 1126 2675 λόγος
1153 2608 1231 2671 τὸ,
1269 2625 1286 2657 ι
1324 2609 1414 2660 καὶ
1443 2608 1540 2661 οὐκ
1573 2608 1715 2662 ἔστιν

138 2705 326 2768 ἄλλος
355 2705 500 2773 πλὴν
529 2702 618 2755 σοῦ
644 2717 657 2731 ·
695 2704 754 2754 σὺ
779 2702 885 2771 γάρ
917 2697 966 2752 εἴ
994 2699 1141 2763 Θεὸς,
1175 2701 1265 2752 καὶ
1293 2701 1391 2751 οὐκ
1417 2699 1627 2769 ᾔδειμεν
1646 2715 1659 2729 ·
1692 2719 1710 2748 ι

136 2796 178 2848 ὃ.
224 2795 339 2848 καὶ
374 2791 684 2858 ἐξακούεται
713 2791 786 2852 ὡς
825 2790 888 2842 ἂν
926 2792 986 2841 ὲκ
1014 2788 1294 2858 προσώπου
1324 2789 1581 2856 λεγόμενα
1609 2787 1714 2839 τῶν

139 2881 568 2950 ἒπεγνωκὸτων
590 2877 1064 2947 ὲνανθρωπήσαντα
1083 2877 1169 2928 τὸν
1193 2877 1418 2946 Χριστὸν
1438 2875 1528 2928 τοῦ
1552 2875 1682 2928 Θεοῦ
1697 2892 1709 2905 ⁸

138 2973 202 3023 ὲν
229 2963 281 3038 ᾧ
321 2969 624 3037 ἐτύγχανεν
651 2966 809 3019 οἰκῶν
833 2966 959 3027 Θεὸς
985 2967 1012 3017 ὁ
1039 2965 1241 3034 Πατὴρ,
1271 2965 1406 3017 κατὰ
1431 2965 1508 3016 τό*
1542 2984 1558 3014 ι
1581 2963 1716 3031 Ἐγὼ

143 3060 209 3111 ἒν
235 3057 331 3127 τῷ
376 3055 570 3126 Πατρὶ,
604 3055 694 3105 καὶ
726 3056 752 3105 ό
785 3053 968 3121 Πατὴρ
998 3054 1053 3103 ὲν
1085 3053 1231 3120 ἐμοί’
1268 3071 1285 3101 ι
1313 3053 1376 3102 δι’
1401 3051 1428 3102 ὃ
1461 3053 1551 3103 καὶ
1577 3052 1715 3120 μόνῳ

145 3151 219 3202 ἂν
251 3146 434 3215 αὐτῷ
463 3145 683 3214 ἀρμόσοι
708 3145 784 3206 τὸ,
818 3163 834 3193 ι
865 3145 974 3194 Οὐκ
1003 3143 1113 3194 ἔστι
1138 3143 1265 3205 Θεὸς
1295 3143 1428 3212 πλὴν
1460 3143 1603 3206 σοῦ,›
1643 3144 1715 3205 ὡς

143 3240 214 3293 ἂν
284 3237 478 3309 μόνης
515 3235 610 3302 τῆς
655 3232 740 3285 τοῦ
790 3232 956 3298 Λόγου
1004 3231 1246 3300 θεότητος
1291 3232 1564 3301 ἡνωμένης
1621 3233 1711 3284 καὶ

140 3322 634 3394 ἀνακεκραμένης
664 3325 727 3391 τῇ
760 3323 986 3390 πατρικῇ
1017 3320 1271 3390 βασιλείᾳ,
1309 3322 1401 3373 καὶ
1442 3320 1528 3374 διὰ
1561 3321 1713 3375 τοῦτο

140 3422 286 3488 μιᾶς
320 3414 438 3481 τῆς
477 3411 792 3481 ἀμφοτέρων
824 3411 1196 3481 ἐπινοουμένης
1220 3410 1371 3481 δόξης
1403 3428 1462 3463 τε
1497 3412 1585 3463 κα)⁸
1612 3412 1710 3482 ἀρ..

140 3507 252 3574 Xa;
283 3521 298 3534 .
341 3504 409 3552 ἐν
439 3498 495 3550 δὲ
526 3498 621 3567 τῷ,
656 3516 673 3548 ι
713 3499 1022 3550 Ἐκοπίασεν
1050 3497 1332 3565 Αἴγυπτος,
1363 3499 1454 3550 καὶ
1479 3499 1710 3569 ἐμπορία

138 3594 470 3650 Αἰθιόπων,
503 3590 592 3641 καὶ
615 3590 662 3639 οἱ
690 3588 926 3656 Σαὸαεὶμ
962 3587 1146 3656 ἄνδρες
1178 3587 1364 3658 ὑψηλοὶ
1395 3588 1484 3640 ἐπὶ
1515 3589 1572 3640 σὲ
1598 3589 1710 3642 δια-

144 3687 453 3757 ϐήσονται,
497 3699 514 3730 ι
561 3678 839 3748 δηλοῦσθαι
885 3677 1081 3746 νομίζω
1123 3678 1243 3747 περὶ
1302 3677 1497 3746 νοητῶν
1552 3695 1709 3731 τινων

144 3767 564 3838 ἀντικειμένων
609 3766 880 3835 δυνάμεων
935 3764 1114 3831 ἀγῶνα
1165 3765 1296 3834 πρὸς
1343 3766 1431 3818 τὸν
1482 3766 1708 3836 Χριστὸν

145 3861 487 3936 ἀραμένων,
511 3856 602 3908 καὶ
628 3853 942 3924 ὑποχειρίων
968 3852 1110 3921 αὑτῷ
1141 3853 1526 3922 γεγενημένων,
1559 3853 1591 3922 ἢ
1618 3855 1709 3906 καὶ

143 3951 354 4021 ψυχῶν
404 3945 614 3997 τοιωνδὶ
665 3945 779 3996 κατ’
825 3943 992 4013 ἀρχὰς
1046 3943 1141 4012 μὲν
1189 3944 1582 3997 ἀντιτεινουσῶν
1633 3945 1709 4014 τῷ

143 4043 346 4109 Λόγῳ,
388 4037 606 4108 ὕστερον
625 4035 688 4098 ¹δέ
729 4050 856 4085 ποτε
886 4033 980 4102 τὴν
1021 4032 1109 4084 ὑπ’
1138 4032 1292 4084 αὑτὸν
1323 4032 1556 4084 δουλείαν
1584 4033 1708 4084 ἀνα-

144 4127 508 4198 δεδεγμένων
536 4125 626 4176 ἐπὶ
661 4125 726 4192 τῇ
762 4121 962 4174 ἑαυτῶν
997 4121 1294 4190 εὐεργεσίᾳ.
1341 4121 1469 4189 Περὶ
1512 4121 1708 4172 τούτων

149 4222 220 4288 γέ
248 4237 341 4272 τοι
387 4213 638 4268 λέγεσθαι
677 4212 873 4277 νομίζω
911 4210 1109 4273 καὶτὸ,
1145 4228 1161 4259 ι
1197 4211 1438 4262 Ἔσονταί
1470 4227 1548 4260 σοι
1588 4211 1706 4262 δοῦ-

148 4317 259 4372 λοι,
291 4309 394 4363 καὶ
426 4305 596 4356 ὀπίσω
626 4319 715 4354 σου
742 4299 1150 4369 ἀκολουθήσουσι
1177 4298 1438 4367 δεδεμένοι
1465 4300 1708 4368 χειροπέ-

149 4400 298 4462 δαις,
341 4395 441 4450 καὶ
468 4397 525 4446 ὲν
563 4393 644 4444 σοὶ
675 4389 1077 4458 προσεύξονται·
1120 4408 1137 4439 ι
1170 4389 1227 4440 τὸ
1253 4388 1328 4439 δέ·
1366 4405 1383 4436 ι
1419 4387 1700 4457 Αἰσχυνθή-

1813 1983 1956 2037 enim
1979 1999 2036 2039 es
2071 1984 2229 2045 Deus,
2273 1992 2325 2038 et
2355 1985 2751 2046 nesciebamus,
2798 1984 2936 2039 Deus
2970 1985 3134 2039 Israel
3167 1985 3347 2038 Salva-

1814 2079 1900 2124 tor
1929 2071 1969 2122 ³.
2007 2090 2024 2121 ι
2059 2071 2335 2126 Manifeste
2374 2080 2517 2141 patet
2561 2074 2642 2126 cui
2677 2074 2788 2125 h:ec
2823 2073 3108 2136 dicantur,
3162 2091 3178 2122 ι
3209 2089 3344 2142 quo-

1815 2159 1956 2211 niam
1985 2159 2040 2212 in
2063 2166 2115 2213 te
2139 2168 2220 2214 est
2253 2159 2391 2214 Deus
2417 2199 2430 2220 ,
2487 2179 2502 2213 ι
2556 2161 2750 2228 quibus
2799 2161 2944 2214 addit
2983 2176 3179 2224 sermo,
3213 2180 3233 2211 ε
3291 2172 3346 2216 et

1816 2263 1921 2300 non
1951 2258 2031 2302 est
2055 2247 2192 2303 Deus
2231 2257 2421 2318 praeter
2453 2257 2522 2303 te.
2565 2249 2643 2301 Tu
2685 2250 2824 2302 enim
2858 2265 2915 2304 es
2950 2248 3122 2312 Deus,
3167 2256 3216 2302 et
3248 2265 3343 2303 ne-

1812 2338 2132 2393 sciebamus.
2168 2357 2186 2389 »
2213 2339 2341 2405 Quae
2364 2341 2652 2396 audiuntur
2682 2340 2833 2410 quasi
2863 2355 2926 2394 ex
2958 2354 3182 2409 persona
3203 2339 3344 2393 dicta

1814 2440 1999 2478 eorum
2046 2427 2135 2494 qui
2169 2427 2437 2482 Christum
2469 2429 2559 2484 Dei
2593 2431 2922 2484 incarnatum
2949 2439 3338 2500 cognoverunt;

1813 2518 1867 2570 in
1893 2533 2000 2585 quo
2037 2517 2301 2572 inhabitat
2326 2519 2466 2573 Deus
2497 2519 2674 2582 Pater,
2699 2520 2850 2588 juxta
2881 2519 3007 2573 illud
3037 2538 3049 2573 :
3087 2537 3106 2569 ι
3147 2519 3256 2588 Ego
3287 2519 3339 2574 in

1813 2604 1985 2668 Patre,
2012 2613 2065 2660 et
2094 2605 2250 2661 Pater
2280 2606 2333 2660 in
2369 2622 2450 2661 me
2481 2607 2522 2660 ⁸.
2560 2627 2578 2658 ι
2605 2608 2844 2676 Ideoque
2864 2607 2988 2661 huic
3027 2607 3127 2662 soli
3153 2622 3358 2674 conve,

1814 2693 1966 2745 niunt
1994 2694 2082 2746 illa
2115 2710 2129 2746 :
2169 2714 2185 2746 ι
2222 2693 2337 2747 Non
2369 2703 2450 2749 est
2480 2693 2619 2750 Deus
2647 2704 2838 2764 praeter
2867 2704 2947 2759 te;
2997 2714 3014 2745 ι
3047 2694 3197 2764 quasi
3229 2695 3342 2749 sola

1813 2783 1970 2838 Verbi
2007 2784 2202 2839 deitate
2242 2792 2462 2852 paterno
2505 2784 2828 2853 principatui
2854 2785 3001 2837 unita
3041 2783 3344 2838 commista-

1812 2889 1934 2943 que,
1964 2874 2188 2944 ideoque
2215 2874 2328 2928 sola
2359 2875 2635 2943 utriusque
2659 2875 2828 2943 gloria
2865 2882 2918 2927 et
2953 2881 3212 2942 potestate
3242 2889 3309 2941 ευ
3335 2900 3342 2906 -

1813 2964 2088 3018 bernaute.
2133 2961 2226 3017 His
2252 2970 2448 3025 autem,
2485 2979 2504 3011 ι
2543 2961 2826 3014 Laboravit
2857 2961 3133 3031 Egyptus,
3163 2968 3216 3014 et
3245 2976 3340 3013 ne-

1813 3053 2034 3120 gotiatio
2057 3051 2401 3120 .IEthiopum,
2435 3059 2488 3106 et
2509 3049 2728 3104 Sabaim
2775 3050 2872 3102 viri
2919 3049 3114 3105 excelsi
3168 3049 3233 3103 ad
3287 3056 3339 3102 te

1815 3143 2136 3204 transibunt,
2172 3159 2190 3190 ι
2227 3141 2436 3194 ostendi
2480 3140 2727 3195 existimo
2777 3141 3032 3210 quasdam
3089 3140 3334 3194 adversa-

1813 3231 1922 3284 rias
1945 3231 2248 3299 spirituales
2277 3239 2564 3298 potestates
2599 3245 2716 3298 quae
2766 3231 3023 3285 adversus
3068 3229 3337 3284 Christum

1811 3330 2076 3375 certamen
2105 3321 2295 3383 iniere,
2327 3318 2482 3392 eique
2525 3317 2799 3373 audientes
2831 3317 2984 3371 facta:
3023 3326 3185 3380 sunt,
3227 3317 3339 3372 sive

1809 3410 2064 3479 quasdam
2094 3409 2301 3462 animas
2336 3408 2564 3476 primum
2619 3403 2792 3460 Verbo
2840 3407 3218 3468 adversantes,
3275 3419 3340 3458 ac

1809 3508 1991 3568 postea
2019 3498 2271 3553 ditionem
2298 3499 2414 3566 ejus
2441 3496 2708 3564 amplexas
2729 3497 2956 3566 prepriis
2973 3497 3208 3564 ipsarum
3236 3495 3335 3549 bo-

1809 3589 1893 3643 nis
1933 3589 2200 3657 operibus.
2261 3587 2334 3641 De
2391 3586 2586 3655 quibus
2641 3597 2694 3640 et
2749 3587 2876 3639 illud
2934 3585 3036 3638 dici
3098 3584 3335 3652 Opinor:

1814 3699 1832 3730 ι
1863 3679 2028 3732 Erunt
2066 3679 2158 3732 tibi
2198 3678 2369 3735 servi.
2400 3685 2454 3731 et
2496 3691 2524 3727 a
2565 3683 2714 3743 tergo
2742 3683 2796 3728 te
2830 3681 3122 3744 sequentur
3171 3673 3334 3727 vincti

1809 3766 2053 3830 manicis,
2076 3773 2128 3820 et
2157 3766 2209 3818 in
2243 3772 2294 3820 te
2309 3765 2557 3819 orabunt.
2587 3782 2608 3812 ι
2637 3761 2744 3817 Hoc
2768 3779 2925 3816 vero:
2959 3782 2976 3813 ι
3007 3761 3337 3816 Erubescent

1805 3865 1857 3908 et
1907 3855 2300 3910 confundentur
2353 3872 2538 3910 omnes
2590 3856 2680 3924 qui
2735 3855 3086 3908 adversantur
3139 3851 3222 3914 ei,
3281 3861 3335 3905 et

1808 3946 2155 4000 an‘ibulabunt
2184 3948 2238 4000 in
2270 3946 2490 4015 pudore,
2533 3965 2550 3998 ι
2592 3945 2993 4016 prOphetizatur
3019 3943 3084 3997 de
3132 3943 3198 3996 iis
3242 3943 3334 4012 qui

1806 4050 1910 4087 non
1941 4050 2097 4103 egere
2135 4035 2502 4104 pmnitentiam
2523 4075 2539 4098 ,
2591 4037 2876 4104 hostesque
2903 4041 2956 4087 et
2987 4032 3190 4086 inimici
3217 4047 3336 4100 per-

1808 4131 2138 4187 manserunt,
2174 4131 2225 4176 et
2261 4125 2407 4176 verbi
2441 4124 2640 4178 Christi
2672 4126 2856 4193 jugum
2897 4138 3056 4192 super
3085 4137 3141 4176 se
3191 4123 3336 4188 ipsos

1804 4213 1989 4266 tollere
2017 4213 2234 4266 minime
2260 4214 2561 4267 voluerunt.
2598 4212 2661 4265 Et
2692 4214 2805 4267 haec
2831 4211 3042 4281 quidem
3075 4209 3228 4279 quasi
3266 4209 3333 4262 ad

1804 4302 1999 4356 Christi
2024 4301 2450 4357 elucidationem.
2501 4303 2757 4358 Citandus
2786 4302 2979 4371 quippe
3023 4309 3107 4355 est
3140 4300 3228 4352 ille
3252 4299 3332 4352 lo-

1803 4407 1899 4447 cus
1920 4409 2026 4447 non
2055 4401 2262 4446 tantum
2288 4394 2715 4449 circumcisionis
2744 4393 2936 4462 populo
2958 4433 2974 4458 ,
3022 4391 3114 4446 sed
3139 4399 3192 4445 et
3221 4389 3330 4441 illis

152 4506 352 4544 σονται
404 4485 500 4537 καὶ
555 4481 974 4551 ἐντραπήσονται
1017 4479 1210 4540 πάντες
1259 4479 1306 4529 οἱ
1353 4478 1703 4546 ἀντικείμενοι

1813 4481 1895 4549 qui
1944 4481 2214 4536 Christum
2260 4483 2414 4553 quasi
2449 4483 2741 4551 simplicem
2793 4481 3058 4535 hominem
3092 4480 3328 4550 “putant.

152 4597 260 4640 σοι,
328 4576 428 4631 καὶ
480 4571 826 4642 πορεύσονται
872 4571 928 4620 ὲν
971 4567 1210 4638 αἰσχύνῃ,
1251 4587 1268 4618 ›
1320 4567 1703 4636 προφητεύεται

152 4670 286 4740 περὶ
356 4666 467 4718 τῶν
539 4663 611 4733 μὴ
674 4658 1106 4731 μετανοησάντων
1131 4696 1144 4719 ,
1207 4655 1583 4724 διαμεινάντων
1645 4657 1700 4709 δὲ

154 4759 373 4830 ὲχθρῶν
411 4755 506 4809 καὶ
552 4749 834 4820 πολεμίων,
879 4747 969 4800 καὶ
1000 4745 1256 4816 μηδαμῶς
1287 4741 1414 4814 ἆραι
1449 4746 1532 4812 ἐφ’
1571 4747 1694 4798 ἑαυ-

1809 4569 2072 4624 Εὺίοηιείε
2102 4573 2327 4639 scilicet,
2354 4573 2436 4627 vel
2461 4573 2762 4626 Artemonis
2786 4610 2800 4632 ,
2848 4571 2930 4625 vel
2966 4569 3110 4622 Pauli
3143 4567 3333 4620 Samo-

1808 4660 2038 4714 satensis
2088 4662 2406 4716 fautoribus.
2439 4668 2628 4731 Aperte
2658 4661 2799 4715 enim
2834 4660 2934 4712 hoc
2983 4659 3100 4710 loco
3131 4656 3330 4710 Christi

1803 4751 1970 4804 deitas
1993 4751 2128 4804 male
2150 4751 2486 4805 credentibus
2520 4751 2571 4800 in
2597 4764 2717 4802 eum
2750 4747 3158 4800 demonstratur.

153 4857 282 4918 τοὺς
307 4853 402 4906 τὸν
425 4848 521 4903 τοῦ
545 4847 700 4913 λόγου
726 4843 816 4896 τοῦ
841 4839 1065 4908 Χριστοῦ
1095 4839 1250 4906 ζυγὸν
1281 4838 1690 4907 βεϐουλημένων.
1729 4846 1835 4896 Καὶ
1864 4844 2028 4897 ταῦτα
2087 4846 2181 4914 μὲν
2211 4845 2282 4907 ὼς
2342 4845 2473 4914 πρὸς
2503 4841 2593 4910 τὴν
2623 4841 2710 4893 τοῦ
2746 4839 2972 4910 Χριστοῦ
3015 4839 3322 4906 σαφήνειανο

159 4947 394 5018 ἁρμόζοι
434 4944 478 4996 δ’
504 4941 569 4995 ἂν
590 4935 930 5009 παρατιθέναι
965 4935 1060 5004 τὴν
1105 4932 1400 5002 περικοπὴν
1441 4935 1499 4984 οὺ
1547 4936 1699 5002 μόνον
1736 4940 1845 5000 τοῖς
1888 4939 1949 4990 ὲκ
2015 4935 2329 5007 περιτομῆς,
2361 4935 2492 4988 ἀλλὰ
2538 4935 2627 4986 καὶ
2671 4936 2779 4996 τοῖς
2851 4932 2996 4999 ψιλὸν
3046 4931 3324 5000 ἄνθρωπον

159 5034 489 5106 ὑπειληφόσι
541 5027 810 5099 γεγονέναι
856 5026 944 5077 τὸν
1006 5025 1256 5092 Σωτῆρα,
1327 5022 1674 5088 Ἐϐιωναίοις,
1717 5029 1748 5097 ἢ
1787 5031 1889 5088 τοῖς
1954 5029 2089 5082 κατὰ
2142 5029 2467 5098 Ἀρτέμωνα,
2521 5026 2610 5078 καὶ
2667 5025 2755 5077 τὸν
2803 5023 3125 5094 Σαμωσατέα
3181 5021 3328 5073 Παῦκ

153 5121 266 5183 Iov.
309 5126 510 5196 Σαφῶς
547 5123 655 5193 γὰρ
687 5121 778 5173 καὶ
826 5116 909 5169 διὰ
978 5113 1172 5166 τούτων
1238 5117 1270 5183 ἡ
1312 5113 1491 5181 θεότης
1556 5115 1644 5168 τοῦ
1695 5118 1924 5188 Χριστοῦ
1968 5122 2076 5182 τοῖς
2122 5119 2244 5188 περὶ
2289 5115 2445 5169 αὐτοῦ
2505 5113 2798 5176 δυσπειθῶς
2845 5113 3050 5182 ἔχουσιν
3111 5110 3324 5163 ἀποδεῖ-

157 5237 371 5274 κνυται.

660 5325 1041 5381 ΚΕΦΑΛΔΙΟΝ
1090 5325 1214 5376 ΚΡ.

233 5445 254 5476 ο
285 5422 487 5479 Ἀκουέ
519 5437 639 5489 μου,
680 5415 887 5476 Ἰακὼϐ,
912 5416 1002 5466 καὶ
1034 5414 1258 5484 Ἰσραὴλ,
1281 5414 1340 5466 ὃν
1373 5411 1482 5476 ἐγὼ
1512 5413 1657 5465 καλῶ
1679 5431 1690 5444 ·

2337 5318 2556 5373 CAPUT
2592 5315 2771 5371 XXIII.

1871 5431 1889 5462 ι
1923 5411 2180 5472 Audimc,
2202 5409 2385 5471 Iacob,
2414 5417 2466 5462 et
2492 5407 2674 5469 Israel,
2706 5419 2862 5474 quem
2886 5417 2983 5472 ego
3015 5416 3149 5457 voco
3179 5422 3194 5457 :
3221 5418 3321 5473 ego
3373 5475 3378 5480 _

161 5512 267 5578 ἐγώ
295 5516 414 5582 ειμι
465 5507 692 5577 πρῶτος,
731 5504 822 5557 καὶ¹
849 5501 957 5569 ἐγώ
991 5504 1102 5570 εἰμι
1144 5504 1221 5565 είς
1244 5502 1332 5555 τὸν
1363 5502 1546 5555 αἰῶνα.
1589 5504 1696 5556 Καὶ

1813 5516 1907 5554 ium
1931 5508 2154 5568 primus.
2183 5507 2236 5552 et
2277 5513 2374 5567 ego
2420 5511 2536 5551 sum
2593 5496 2648 5548 in
2677 5502 2954 5548 mternum.
3014 5493 3078 5546 Et
3131 5502 3322 5549 manus

161 5603 193 5671 ἡ
235 5604 360 5673 χείρ
416 5613 514 5668 μου
555 5594 872 5666 ὲθεμελίωσε
913 5590 1006 5659 τὴν
1050 5585 1169 5660 γῆν,
1213 5592 1304 5644 καὶ
1344 5594 1376 5664 ἡ
1414 5592 1557 5655 δεξιά
1599 5609 1696 5660 μου

1813 5604 1904 5644 nea
1936 5588 2175 5642 fundavit
2201 5596 2396 5640 terram
2422 5627 2437 5652 ,
2477 5592 2528 5640 et
2577 5585 2794 5639 dextera
2826 5597 2939 5636 mea
2969 5582 3324 5638 consolidavit

229 5755 396 5811 'lsai.
425 5767 540 5819 ιιιι,
572 5749 623 5802 9.
700 5744 892 5799 "Joan.
926 5757 1030 5806 m,
1064 5741 1150 5796 53.
1205 5744 1246 5818 f
1273 5741 1395 5799 Isai.
1427 5757 1546 5808 ην,
1577 5741 1661 5808 15,
1697 5741 1711 5794 1

1852 5737 2184 5800 ‘Joan.‘xiv,
2221 5736 2300 5788 II.
