3952 6390
147 369 270 423 1233

1140 376 1425 433 ECLOGzE
1463 381 1923 446 PROPIIETICIE.
1961 424 2027 433 —
2063 393 2187 449 LIB.
2226 395 2306 450 ιν.

3154 411 3174 463 1
3187 397 3288 463 Ξῖἆ

145 485 294 548 ζοντα
318 483 414 554 τὴν
445 484 620 570 ψυχὴν
646 488 825 552 αὐτοῦ,
868 492 1389 566 τὸν,βδελυσσὸμενον
1421 501 1521 554 ὑπὸ
1566 504 1659 558 τῶν

146 573 299 595 ιο..ρ,--
327 575 431 595 _.",_.
456 575 500 595 θ-
529 577 567 595 '\
719 580 742 592 ὐ
809 582 819 594 ο
915 581 927 595 ο
1089 584 1126 595 τι
1222 585 1236 595 ι
1281 590 1301 595 _
1347 590 1367 595 ..
1387 591 1398 595 -

1768 511 2100 566 minantium.
2126 513 2293 584 Reges
2318 515 2567 572 videbunt
2586 521 2774 588 eumfet
2789 533 3074 595 exsurgent
3089 527 3308 594 princi-‘

143 573 300 627 ἐθνῶν
324 575 432 627 τῶν
452 575 653 630 δούλων
678 580 782 630 τῶν
799 581 1160 650 ἁρχόντων.Βα
1170 585 1328 650 σιλεῖς
1344 590 1556 657 ὄψονται
1571 595 1664 646 αὐ-

141 663 242 722 τὸν,
274 664 367 716 καὶ
382 666 771 737 ἀναστήσονται
795 669 1064 738 ἄρχοντες,
1104 677 1193 728 καὶ
1216 683 1667 750 προσκυνήσουσιν

139 753 275 824 αὖτῷ
297 753 481 807 ἕνεκεν
511 758 732 828 Κυρίουο
758 765 835 816 ὅτι
863 767 1045 828 πιστός
1061 767 1204 819 ἐστιν
1225 771 1253 820 6
1276 769 1422 836 ἆγιος
1437 771 1664 842 Ἰσραὴλ,

138 843 222 895 καὶ
241 842 570 914 ἐξελεξάμην
597 866 675 900 σε.
701 851 880 916 Οὖτως
908 856 1047 923 λέγει
1067 858 1279 928 Κύριοςο
1297 861 1482 930 Καιρῷ
1502 862 1666 932 δεκτῷ

136 934 403 1003 ἐπήκουσά
426 952 541 998 σου,
577 941 667 990 καὶ
691 942 746 993 ἐν
769 945 946 1015 ἡμέρᾳ
978 948 1238 1017 σωτηρίας
1267 949 1529 1018 ἐϐοήθησά
1560 969 1662 1014 σοι,

137 1025 223 1076 καὶ
244 1023 452 1076 έπλασά
481 1043 564 1088 σε,
589 1031 680 1080 καὶ
704 1031 874 1086 ἔδωκά
906 1053 963 1088 σε
986 1039 1064 1099 είς
1099 1038 1354 1108 διαθήκην
1386 1041 1547 1093 ἐθνῶν
1571 1042 1664 1094 τοῦ

133 1116 459 1185 καταστῆσαι
484 1117 584 1186 τὴν
615 1123 733 1192 γῆν,
765 1125 856 1176 καὶ
892 1127 1282 1197 κληρονομῆσαι
1311 1131 1663 1202 κληρονομίας

134 1206 376 1273 ἐρήμους,
396 1207 620 1276 λέγοντα
638 1216 744 1275 τοῖς
760 1215 814 1264 ἐν
835 1214 1043 1285 δεσμοῖς
1061 1233 1072 1246 ’
1121 1218 1401 1282 Ἐξέλθετε,
1437 1222 1527 1273 καὶ
1559 1225 1665 1285 τοῖς

133 1295 184 1344 ἐν
208 1294 281 1363 τῷ
308 1299 507 1362 σκότει,
532 1302 981 1372 άνακαλυφθῆναι,
1012 1306 1099 1357 καὶ
1111 1308 1167 1359 ὲν
1195 1307 1387 1370 πάσαις
1406 1314 1519 1372 ταῖς
1533 1311 1666 1373 ὁδοῖς

134 1382 551 1454 βοσκηθήσονται
573 1427 587 1450 ,
621 1392 712 1442 καὶ
739 1393 796 1442 ἐν
829 1393 1023 1455 πάσαις
1051 1397 1166 1456 ταῖς
1210 1397 1410 1466 τρίϐοις
1446 1402 1478 1467 ἡ
1533 1401 1665 1471 νομὴ

132 1472 326 1551 αὐτῶνθ
360 1477 419 1527 οὐ
482 1480 821 1533 πεινάσουσιν
843 1520 857 1544 ,
897 1483 1012 1535 οὐδὲ
1050 1484 1374 1554 διψήσουσιν.
1403 1489 1518 1540 οὐδὲ
1565 1507 1667 1542 πα-

131 1561 267 1625 τάξει
316 1565 514 1628 αὐτοὺς
563 1567 808 1632 καύσων,
837 1570 952 1622 οὐδὲ
1004 1573 1032 1622 6
1063 1573 1238 1641 ἦλιοςο
1279 1576 1388 1627 ἀλλ’
1429 1579 1456 1629 6
1505 1579 1665 1630 ἐλεῶν

131 1651 312 1715 αὐτοὺς
350 1657 716 1724 παρακαλέσει
762 1661 972 1723 αὐτοὺς,
1026 1663 1116 1713 καὶ
1165 1664 1249 1716 διὰ
1309 1667 1490 1736 πηγῶν
1545 1669 1666 1721 ὑδά-

130 1759 226 1793 των
252 1743 364 1805 ἄξει
397 1746 614 1810 αὐτοὺς,
669 1749 757 1800 καὶ
803 1748 949 1818 θήσω
995 1753 1100 1803 πᾶν
1145 1752 1266 1822 ὄρος
1290 1755 1367 1816 είς
1392 1756 1525 1817 ὁδὸν,
1569 1757 1660 1809 καὶ

1767 615 1877 669 pes,
1891 607 1944 653 et
1966 602 2260 656 adorabunt
2276 619 2394 658 eum
2414 613 2627 675 propter
2649 607 2922 665 Dominum
2943 615 3096 682 :quia
3117 614 3288 670 ﬁdelis

1764 693 1846 740 est
1880 685 2109 743 Sanctus
2147 691 2328 752 Israel,
2365 700 2418 745 et
2443 693 2576 763 elegi
2606 701 2678 749 te.
2704 696 2824 752 Haec
2845 699 3243 757 dicitDominus
3271 724 3282 757 :

1763 775 1820 830 In
1853 787 2086 848 tempore
2100 780 2290 848 placito
2306 783 2544 837 exaudivi
2571 792 2642 848 te,
2664 787 2789 839 etin
2817 788 2901 844 die
2921 773 3106 846 salutis
3138 794 3288 846 auxi-

1764 866 1923 920 liatus
1947 882 2062 919 sum
2089 868 2181 921 tibi
2203 887 2214 921 :
2235 877 2286 922 et
2306 871 2510 923 servavi
2535 880 2604 933 te,
2629 881 2681 925 et
2703 873 2820 926 dedi
2850 876 2966 929 tein
2995 877 3169 933 fmdus
3199 894 3285 947 po-

1764 954 1892 1022 puli,
1918 962 1974 1007 ut
2007 956 2294 1011 suscitares
2318 963 2531 1021 terram,
2556 967 2608 1011 et
2634 961 2933 1026 possideres
2953 962 3314 1021 haereditates‘

1763 1043 2081 1110 dissipatas;
2110 1052 2168 1097 ut
2188 1045 2392 1099 diceres
2423 1047 2504 1100 his
2532 1048 2621 1115 qui
2643 1050 2804 1102 vincti
2831 1057 2956 1103 sunt
2985 1069 2994 1102 :
3026 1051 3192 1117 Exite,
3234 1062 3286 1108 et

1764 1132 1846 1185 his
1869 1134 1960 1200 qui
1990 1134 2043 1185 in
2071 1135 2306 1188 tenebris
2338 1149 2353 1186 :
2383 1135 2725 1190 Revelamini.
2770 1137 2940 1208 Super
2961 1155 3144 1197 omnes
3169 1146 3284 1198 vias

1764 1231 2072 1290 pascentur,
2098 1230 2151 1277 et
2176 1223 2230 1276 in
2260 1224 2507 1278 omnibus
2531 1226 2702 1294 planis
2726 1241 2922 1295 pascua
2944 1244 3146 1284 eorum.
3169 1230 3283 1285 Non

1763 1326 2028 1389 csurient,
2069 1341 2240 1396 neque
2269 1327 2467 1392 sitient,
2510 1335 2562 1382 et
2589 1344 2693 1383 non
2727 1333 2986 1398 percutiet
3013 1349 3104 1388 eos
3128 1343 3286 1390 aestus

1763 1424 1815 1469 et
1842 1417 1921 1470 sol
1950 1434 1962 1470 :
1991 1417 2114 1484 quia
2142 1417 2424 1472 miserator
2459 1432 2641 1472 eorum
2673 1429 2817 1489 reget
2847 1437 2959 1486 eos,
2990 1433 3042 1478 et
3071 1425 3137 1478 ad
3171 1428 3287 1479 fon-

1764 1512 1842 1560 tes
1869 1520 2124 1573 aquarum
2156 1507 2361 1576 potabit
2389 1523 2502 1563 eos.
2537 1508 2602 1562 Et
2631 1523 2822 1576 ponam
2849 1527 3033 1567 omnes
3081 1523 3289 1571 montes

1761 1609 1908 1648 meos
1939 1595 1992 1648 in
2021 1596 2181 1660 viam,
2207 1606 2258 1650 et
2289 1611 2500 1651 omnem
2537 1600 2776 1654 semitam
2807 1602 2885 1656 eis
2909 1603 2963 1656 in
2995 1618 3190 1673 pascua
3212 1608 3283 1661 ’.ι

1765 1681 2066 1738 Verisimile
2097 1693 2180 1738 est
2211 1686 2416 1754 opinari
2461 1685 2709 1743 Hebrazos
2739 1689 2840 1743 sibi
2882 1690 3040 1756 hujus
3057 1693 3287 1762 prophe-

1765 1771 1851 1824 tiae
1873 1771 2032 1824 verba
2083 1771 2208 1834 dici,
2260 1773 2463 1828 scilicet
2499 1791 2512 1828 :
2555 1793 2572 1825 ι
2610 1774 2673 1828 Ει
2711 1777 2844 1830 dixit
2874 1778 3003 1830 mihi
3036 1796 3050 1832 :
3089 1777 3288 1837 Servus

131 1835 296 1885 πᾶσαν
341 1835 522 1904 τρίϐον
585 1839 662 1900 εἰς
723 1837 966 1908 βόσκημα
1025 1841 1218 1903 αὐτοῖς.
1275 1863 1292 1894 ι
1335 1844 1491 1907 Είκὸς
1542 1847 1659 1908 τοὺς

1763 1871 1911 1912 nieus
1935 1873 1993 1912 es
2026 1866 2109 1920 tu,
2135 1857 2321 1924 Israel,
2351 1869 2403 1915 et
2446 1861 2500 1914 iu
2549 1869 2601 1916 te
2653 1864 2935 1933 gloriabor.
2976 1886 2993 1918 ι
3027 1865 3143 1921 Non
3171 1869 3287 1924 istis

131 1924 187 1974 ἐκ
219 1926 514 1995 περιτομῆς
557 1927 759 1979 οἴεσθαι
803 1929 926 2001 περὶ
963 1931 1164 1982 ἑαυτῶν
1211 1933 1450 2002 εἰρῆσθαι
1489 1935 1556 1986 τὰ
1604 1937 1660 1987 ἐν

129 2015 187 2082 τῇ
224 2017 527 2085 προφητείᾳ
551 2056 566 2078 ,
602 2019 825 2087 ἐπείπερ
869 2017 1137 2070 λέλεκται·
1189 2039 1207 2071 ι
1239 2024 1344 2074 Καὶ
1384 2019 1500 2075 εἶπέ
1541 2041 1658 2093 μοι’

130 2101 310 2165 Δσῦλός
349 2121 450 2173 μου
491 2100 543 2157 εί
577 2107 661 2170 σὺ,
700 2107 929 2176 Ἰσραὴλ,
969 2109 1058 2160 καὶ
1093 2110 1150 2161 ἐν
1188 2112 1266 2162 σοὶ
1297 2112 1664 2183 ὲνδοξασθήσο-

134 2207 253 2259 μαι·
283 2212 300 2242 ι
331 2193 469 2263 πρὸς
497 2195 554 2247 δὲ
589 2194 665 2264 τῷ
712 2195 782 2265 μὴ
826 2195 1079 2266 ἁρμόζειν
1106 2198 1123 2266 (
1146 2197 1185 2266 f.
1211 2199 1314 2269 54)
1356 2201 1535 2262 αὐτοῖς
1566 2201 1662 2264 τὰς

130 2279 288 2343 λέξεις
319 2281 506 2350 σαφῶς
541 2282 912 2337 ἀποδείκνυται
945 2287 1035 2337 καὶ
1055 2287 1160 2339 ἀπὸ
1187 2287 1289 2339 τῶν
1321 2288 1461 2357 ἑξῆς,
1493 2289 1570 2340 ὅτι
1600 2289 1662 2359 δὴ

129 2370 248 2438 περὶ
290 2370 478 2440 ἐτέρου
552 2370 761 2441 Ἰσραὴλ
814 2372 882 2424 τὰ
929 2373 1189 2443 λεγόμενα
1240 2376 1658 2445 προφητεύεται·

130 2457 424 2526 γέγραπται
477 2459 614 2528 γάρ·
664 2475 682 2510 t
725 2459 831 2511 Kal.
865 2461 956 2513 νῦν
1005 2462 1172 2525 οὕτως
1203 2463 1346 2530 λέγει
1393 2464 1592 2534 Κύριος
1635 2467 1663 2517 6

131 2546 330 2610 πλάσας
366 2567 433 2616 με
463 2551 530 2601 ἐκ
561 2549 764 2611 κοιλίας
788 2549 966 2604 δοῦλον
999 2553 1170 2623 ἐαυτῷ
1207 2553 1300 2606 τοῦ
1349 2559 1661 2623 συναγαγεῖν

127 2635 208 2687 τὸν
242 2635 432 2688 Ἰακὼϐ
473 2638 684 2690 καὶτὸν
723 2639 932 2708 Ἰσραὴλ
970 2641 1102 2710 πρὸς
1139 2641 1294 2694 αὐτόν
1316 2659 1329 2672 ο
1365 2644 1456 2694 καὶ
1507 2644 1660 2696 πάλιν

129 2723 238 2779 εἷπέ
271 2747 388 2798 μοι’
419 2731 580 2797 Μέγα
615 2731 695 2784 σοί
717 2734 859 2784 ἐστιν
883 2733 940 2785 τὸ
967 2733 1223 2804 κληθῆναί
1263 2752 1320 2787 σε
1353 2737 1513 2790 παῖδά
1538 2754 1658 2806 μου,

127 2817 211 2869 τοῦ
246 2819 442 2887 στῆσαι
467 2819 566 2883 τὰς
595 2820 762 2889 φυλὰς
787 2821 877 2874 τοῦ
910 2822 1098 2874 Ἰακὼὸ
1131 2825 1220 2876 καὶ
1249 2826 1344 2887 τὰς
1370 2825 1660 2897 διασπορὰς

127 2907 212 2958 τοῦ
243 2909 458 2978 Ἰσραὴλ
475 2910 806 2980 ἐπιστρέψαι.
822 2930 839 2961 ι
873 2912 1027 2964 Ἀλλὰ
1050 2914 1139 2964 καὶ
1157 2914 1235 2965 τό’
1259 2931 1278 2964 ι
1300 2915 1425 2966 Ἰδοὺ
1449 2915 1661 2970 τέθεικά

131 3014 182 3048 σε
232 3001 312 3060 εἰς
361 2999 480 3068 φῶς
510 3001 694 3063 ἐθνῶν,
739 3001 828 3052 τοῦ
871 2998 1004 3053 εἷναί
1049 3019 1106 3054 σε
1139 3005 1216 3064 είς
1263 3005 1529 3074 σωτηρίαν
1559 3007 1659 3069 ἕως

129 3089 345 3156 ἐσχάτου
395 3091 496 3157 τῆς
527 3089 647 3157 γῆς,
679 3107 697 3139 ι
747 3090 1038 3158 παράδοξόν
1067 3109 1182 3143 τινα
1229 3092 1320 3144 καὶ
1360 3092 1660 3162 Θαυμαστὸν

1762 1959 1886 1998 vero
1913 1945 2025 2000 haec
2049 1949 2336 2003 convenire
2355 1949 2722 2005 demonstrant
2750 1969 2866 2021 quae
2891 1965 3205 2024 sequuntur,
3238 1969 3290 2012 et

1760 2033 1825 2085 ad
1855 2033 2016 2086 alium
2041 2036 2205 2089 Israel
2241 2045 2514 2105 spectare;
2551 2039 2806 2107 scriptum
2835 2049 2916 2095 est
2944 2041 3085 2095 enim
3115 2060 3129 2096 :
3168 2061 3186 2092 ι
3226 2041 3288 2095 Ει

1760 2137 1902 2176 nunc
1933 2124 2010 2177 sic
2034 2125 2162 2179 dicit
2192 2125 2467 2191 Dominus,
2522 2128 2758 2183 formans
2790 2145 2871 2184 me
2902 2146 2968 2185 ex
2998 2139 3147 2186 utero
3172 2147 3287 2186 ser-

1759 2229 1883 2268 vum
1911 2213 2034 2278 sibi,
2068 2222 2126 2267 ut
2149 2215 2395 2269 reducam
2433 2214 2594 2270 Jacob
2620 2215 2684 2269 ad
2713 2232 2855 2276 eum.
2907 2225 2959 2272 et
3001 2219 3183 2272 Israel.
3222 2217 3290 2272 Et

1759 2317 1947 2356 rursus
1976 2303 2109 2356 dixit
2138 2303 2301 2356 mihi:
2338 2303 2583 2374 Magnum
2627 2305 2721 2359 tibi
2773 2313 2854 2360 est
2903 2309 3083 2361 vocari
3119 2308 3286 2361 ﬁlium

1759 2408 1957 2457 meum,
1992 2393 2059 2446 ad
2091 2393 2427 2449 suscitandas
2450 2396 2620 2450 tribus
2641 2394 2824 2460 Jacob,
2865 2407 2918 2451 et
2945 2397 3099 2453 fasces
3127 2397 3290 2451 Israel

1759 2496 2166 2552 convertendas.
2206 2514 2224 2548 ι
2257 2495 2360 2551 Sed
2390 2504 2442 2552 et
2470 2499 2597 2553 illud
2624 2517 2636 2551 :
2673 2517 2692 2550 ι
2724 2499 2859 2554 Ecce
2886 2499 3004 2555 dedi
3035 2509 3086 2556 te
3123 2501 3175 2554 in
3207 2502 3290 2554 lu-

1759 2599 1872 2638 cem
1901 2585 2156 2654 gentium,
2191 2593 2248 2638 ut
2278 2586 2352 2640 sis
2379 2587 2522 2641 salus
2555 2602 2671 2642 mea
2705 2603 2874 2657 usque
2901 2589 2966 2641 ad
2992 2598 3287 2642 extremum

1759 2682 1931 2738 terrae,
1969 2694 1987 2725 ι
2018 2674 2375 2730 admirabilem
2402 2677 2686 2745 quemdam
2711 2686 2762 2730 et
2786 2677 3146 2746 prodigiosum
3177 2677 3288 2731 fore

1758 2763 2087 2818 demonstrat
2117 2778 2234 2818 cum
2265 2765 2332 2818 de
2362 2779 2467 2833 quo
2509 2779 2684 2819 sermo
2729 2765 2969 2819 habetur.
3019 2765 3149 2831 Quis
3194 2783 3288 2820 au-

1758 2861 1862 2906 tem
1896 2853 1983 2906 hic
2008 2859 2170 2916 esset,
2197 2853 2297 2907 nisi
2319 2851 2575 2907 Dominus
2605 2862 2787 2908 noster
2812 2854 2970 2908 Jesus
2998 2854 3245 2910 Christus
3270 2896 3284 2917 .

1757 2942 1848 3011 qui
1875 2942 1986 3010 jam
2018 2945 2166 3012 prius
2198 2945 2252 2996 in
2278 2944 2343 2998 iis
2370 2959 2485 3013 quae
2512 2959 2673 3014 supra
2717 2945 2881 2998 relata
2916 2952 3077 3009 sunt,
3123 2945 3287 3000 Iacob

1758 3040 1812 3084 et
1848 3033 2404 3088 lsraelmanifcstattts
2457 3044 2537 3088 est
2587 3035 2769 3089 dicens
2817 3053 2827 3087 :
2880 3053 2896 3085 ι
2933 3034 3116 3103 Jacob;
3158 3051 3289 3104 puer

1758 3137 1930 3184 meus,
1958 3123 2245 3189 suscipiam
2295 3138 2449 3187 eum,
2506 3130 2558 3176 et
2603 3123 2765 3176 Israel
2840 3125 3039 3179 electus
3089 3129 3287 3178 meus:

130 3178 407 3247 ὑποφαίνει
442 3178 531 3230 τὸν
562 3179 684 3247 περὶ
712 3172 770 3229 οὗ
803 3180 829 3229 6
852 3179 1022 3244 λόγος.
1040 3180 1132 3242 Τίς
1160 3181 1202 3231 δ’
1231 3181 1293 3233 ἂν
1325 3175 1474 3244 οὗτος
1501 3184 1582 3253 είη
1618 3184 1650 3252 ἢ

1760 3209 1994 3277 suscepit
2023 3225 2142 3263 eum
2197 3211 2369 3264 anima
2427 3211 2580 3265 mea?
2612 3229 2630 3262 ι
2692 3210 2789 3264 llic
2825 3213 2966 3265 enim
3011 3223 3092 3267 est
3141 3213 3290 3268 solus

127 3269 151 3318 6
173 3268 378 3337 Κύριος
415 3265 568 3334 ἡμῶν
599 3267 796 3334 Ἰησοῦς
823 3269 1066 3338 Χριστὸς,
1093 3271 1120 3321 6
1148 3272 1238 3322 καὶ
1275 3271 1372 3340 ήδη
1398 3271 1654 3341 πρότερον

129 3358 178 3407 ἐν
201 3360 314 3414 τοῖς
343 3355 599 3424 ἀνωτέρω
642 3355 827 3408 Ἰακὼϐ
849 3358 1184 3426 χρηματίσας
1215 3360 1307 3412 καὶ⁸
1338 3360 1546 3430 Ἰσραὴλ
1574 3359 1659 3412 διὰ

127 3447 233 3498 τῶν
259 3464 278 3495 ι
305 3443 500 3498 Ἰακὼϐ
524 3447 694 3507 ὀπαῖς
723 3463 841 3515 μου,
865 3447 1212 3517 ἀντιλήψομαι
1244 3449 1426 3514 αὐτοῦ,
1452 3447 1661 3519 Ἰσραὴλ

128 3538 152 3588 6
180 3536 435 3596 ἐκλεκτός
470 3551 601 3604 μου,
646 3537 994 3606 προσεδέξατο
1025 3539 1180 3590 αὐτὸν
1223 3541 1255 3608 ή
1293 3539 1434 3608 ψυχή
1474 3556 1604 3609 μους
1636 3559 1653 3590 ι

129 3621 287 3689 Οὗτος
309 3627 420 3695 γάρ
471 3626 614 3677 ἐστιν
644 3627 672 3678 6
724 3627 876 3696 μόνος
920 3629 1038 3679 κατ’
1067 3627 1314 3697 ἀλήθειαν
1355 3629 1494 3696 ὁρῶν
1531 3628 1658 3680 Θεὸν

128 3715 210 3766 τὸν
238 3715 478 3783 Πατέρα,
523 3714 729 3784 Ἰσραὴλ
765 3716 863 3784 μὲν
899 3717 1302 3787 ὀνομαζόμενος,
1330 3719 1462 3788 ὅπερ
1490 3719 1656 3787 ἑρμη-

129 3800 328 3852 νεύεται
361 3819 380 3848 ι
407 3799 550 3870 ὁρῶν
587 3801 676 3852 τὸν
713 3800 861 3864 Θεὸν,
892 3823 908 3854 ι
937 3805 1053 3855 κατ’
1086 3805 1319 3856 ἐπίνοιαν
1367 3805 1526 3857 αὑτοῦ
1560 3805 1658 3874 τῆς

129 3887 368 3960 θεότητος
389 3907 402 3919 ’
434 3888 626 3941 Ἰακὼὸ
651 3889 726 3954 δὲ,
744 3893 874 3962 ὅπερ
899 3893 1012 3944 ἐστὶ
1044 3911 1062 3942 ι
1091 3894 1424 3965 πτερνιστὴς,
1451 3914 1469 3945 ι
1494 3894 1609 3948 καθ’
1631 3895 1658 3947 ὃ

127 3979 438 4049 ἐνανθρωπή
447 3995 544 4041 σας
562 3980 962 4048 κατηγωνίσατο
983 3983 1156 4045 πάσας
1176 3984 1272 4046 τὰς
1292 3984 1657 4054 ἀντικειμένας

126 4070 393 4137 δυνάμεις.
429 4070 572 4140 Ὅρα
622 4071 678 4122 δὲ
727 4074 774 4124 εί
815 4073 888 4141 μὴ
943 4072 1250 4142 συνᾴδουσιν
1305 4074 1553 4144 ἀλλήλαις
1602 4076 1658 4128 αἱ

126 4162 443 4229 περικοπαῖ,
475 4162 508 4230 ἥ
541 4177 598 4213 τε
634 4162 768 4230 μετὰ
795 4166 1004 4232 χεῖρας,
1038 4164 1129 4215 καὶ
1169 4166 1225 4216 ἐν
1334 4165 1542 4232 ἐλέγετο
1567 4165 1656 4227 τὸ,

133 4269 150 4299 ι
171 4250 358 4302 Ἰακὼϐ
379 4253 408 4302 6
436 4253 563 4313 παῖς
587 4267 684 4320 μου
705 4271 723 4302 ι
748 4255 826 4315 εἰς
844 4255 940 4308 ’τὸν
965 4255 1189 4323 Χριστὸν
1237 4255 1626 4326 ἀναφερόμενον
1643 4271 1655 4285 ·

127 4339 194 4402 ὡς
224 4340 331 4410 γάρ
373 4355 454 4392 τοι
502 4342 615 4392 ἐκεῖ
639 4341 698 4391 τὸ
733 4359 751 4390 ι
795 4343 982 4395 Ἰακὼό
1017 4345 1045 4395 ὀ
1095 4347 1220 4406 παῖς
1254 4360 1353 4413 μου
1377 4363 1394 4394 ι
1432 4345 1659 4414 εἴρηται,

127 4428 288 4492 οὕτως
346 4429 534 4482 ἐνθάδε
582 4431 642 4482 τὸ
678 4448 696 4479 ι
731 4431 870 4498 μέγα
907 4432 986 4483 σοί
1028 4433 1139 4484 ἐστι
1179 4433 1270 4486 τοῦ
1308 4433 1562 4504 κληθῆναί
1602 4450 1661 4485 σε

1760 3312 1884 3351 vere
1909 3298 2095 3351 videns
2127 3297 2289 3352 Deum
2323 3298 2530 3352 Patrem
2553 3337 2568 3362 ,
2611 3299 2773 3353 Israel
2799 3301 3010 3368 quidem
3044 3302 3288 3353 nomina-

1760 3394 1865 3449 tus,
1889 3386 2030 3456 quod
2067 3386 2444 3456 interpretatur
2471 3386 2642 3440 videns
2677 3387 2834 3440 Deum
2854 3429 2867 3453 ,
2907 3389 3060 3456 juxta
3089 3388 3285 3441 divini-

1757 3490 1882 3544 tatis
1911 3505 2271 3546 suze'sensum
2296 3509 2312 3557 ;
2341 3489 2507 3545 Jacob
2547 3499 2743 3556 autem,
2800 3491 2852 3544 id
2885 3500 2967 3546 est
3022 3493 3244 3568 luctator
3271 3532 3283 3554 ,

1757 3580 2006 3649 quoniam
2051 3580 2358 3636 incarnatus
2407 3595 2591 3636 omnes
2623 3581 2954 3635 adversarias
3006 3581 3286 3636 debellavit

1756 3677 2063 3739 potestates.
2093 3669 2320 3724 Attende
2359 3669 2498 3723 enim
2529 3670 2796 3739 quomodo
2823 3671 3161 3724 consentiant
3206 3671 3287 3723 in-

1757 3770 1837 3816 ter
1866 3777 1923 3817 se
1954 3764 2279 3831 prophetiae;
2313 3763 2423 3818 haec
2451 3765 2687 3833 quidem,
2719 3766 2784 3819 de
2813 3781 2916 3834 qua
2936 3782 3078 3820 nunc
3111 3782 3290 3821 sermo

1755 3855 1997 3918 habetur,
2021 3855 2142 3909 etin
2169 3871 2274 3924 qua
2296 3856 2490 3908 dicitur
2513 3857 2667 3920 illud,
2689 3877 2704 3907 ι
2727 3856 2890 3912 Jacob
2914 3859 3054 3914 Illius
3081 3875 3280 3925 meus,»

1755 3948 1895 4018 quod
1921 3949 1986 4002 ad
2013 3948 2283 4003 Christum
2316 3958 2552 4018 spectat;
2588 3952 2727 4005 sicut
2753 3954 2894 4006 enim
2925 3954 3034 4008 illic
3077 3973 3095 4006 ι
3121 3953 3287 4009 Jacob

1755 4053 1886 4108 puer
1911 4053 2060 4092 meus
2096 4057 2115 4090 ι
2143 4039 2357 4103 dicitur,
2385 4040 2458 4092 ita
2484 4041 2572 4095 hic
2613 4059 2631 4092 ι
2667 4042 2912 4112 Magnum
2943 4044 3037 4097 tibi
3077 4051 3158 4098 est
3187 4059 3282 4097 νο-

1758 4128 1869 4182 cari
1898 4134 1949 4181 te
1980 4126 2143 4180 ﬁlium
2174 4142 2348 4182 meum
2372 4144 2386 4189 ;
2411 4146 2429 4178 ι
2451 4135 2503 4183 et
2523 4128 2662 4183 sicut
2691 4130 2818 4193 illic,
2851 4151 2866 4181 ι
2896 4130 3058 4186 Israel
3085 4132 3288 4186 electus

1757 4231 1907 4271 meus
1942 4237 1958 4267 ι
1997 4215 2211 4282 dicitur,
2241 4217 2313 4270 ita
2343 4217 2450 4282 hic,
2478 4237 2498 4269 ι
2545 4219 2668 4288 quia
2716 4219 2884 4275 ﬁdelis
2933 4231 3014 4275 est
3069 4229 3288 4275 sanctus

1758 4308 1940 4372 Israel,
1970 4315 2024 4363 et
2055 4309 2188 4378 elegi
2214 4315 2286 4362 te.
2327 4330 2347 4359 ι
2380 4307 2695 4379 Rursusque
2721 4311 2830 4365 illic
2859 4312 3091 4366 dicitur:
3116 4330 3134 4363 ι
3160 4311 3287 4366 Dedi

1763 4422 1814 4468 te
1839 4413 1892 4466 in
1915 4420 2288 4468 testamentum
2316 4414 2546 4482 generis,
2596 4416 2650 4468 in
2688 4415 2864 4471 lumen
2909 4417 3144 4486 gentium
3169 4458 3185 4481 ,
3233 4424 3322 4494 ut.

130 4519 282 4571 παῖδά
305 4535 403 4588 μου
423 4535 436 4548 ⁸
452 4538 470 4570 ι
496 4521 587 4571 καὶ
609 4518 682 4580 ὡς
708 4520 910 4594 ἐκεῖιτὸ,
933 4539 951 4571 ‹
974 4522 1182 4592 Ἰσραὴλ
1200 4526 1227 4576 6
1247 4525 1490 4588 ἐκλεκτός
1517 4543 1612 4595 μου
1634 4545 1651 4577 ι

1760 4504 1994 4573 aperires
2019 4504 2204 4558 oculos
2235 4517 2497 4558 caecorum
2519 4543 2535 4567 ,
2585 4511 2638 4558 et
2669 4505 2923 4560 educeres
2973 4505 3036 4560 de
3069 4506 3290 4560 conclu-

128 4605 387 4671 λέλεκται,
413 4607 582 4671 οὕτως
606 4608 786 4660 ἐνθάδε
807 4608 886 4672 τὸ,
915 4629 932 4659 ι
951 4611 1030 4663 ὅτι
1068 4614 1250 4676 πιστός
1282 4617 1426 4667 ἐστιν
1453 4618 1479 4669 6
1509 4617 1658 4684 ἅγιος

143 4696 365 4765 Ἰσραὴλ,
391 4699 482 4748 καὶ
518 4695 838 4765 ἐξελεξάμην
868 4713 944 4748 σε.
984 4717 1002 4750 ο
1036 4699 1198 4752 Πάλιν
1224 4718 1282 4752 τε
1317 4699 1380 4755 αὖ
1421 4705 1534 4756 ἐκεῖ
1562 4704 1657 4773 μὲν

131 4785 353 4853 εἴρηται·
393 4806 412 4838 ‹
435 4785 650 4845 ῗΕδωκά
676 4801 732 4836 σε
781 4788 858 4848 εἰς
899 4786 1152 4859 διαθήκην
1180 4790 1380 4858 γένους,
1412 4795 1490 4855 εἰς
1545 4793 1658 4860 φῶς

132 4872 322 4937 ἐθνῶν,
374 4872 579 4938 ἀνοῖξαι
637 4873 938 4944 ὀφθαλμοὺς
976 4877 1218 4945 τυφλῶν,
1269 4880 1547 4950 ἐξαγαγεῖν
1594 4884 1657 4934 ἐκ

133 4961 333 5032 δεσμῶν
353 4965 684 5034 δεδεμένους,
708 4964 798 5015 καὶ
821 4964 877 5029 ἐξ
896 4966 1041 5018 οῐκου
1061 4968 1300 5038 φυλακῆς
1321 4971 1650 5040 καθημένους

134 5047 186 5095 ἐν
218 5050 396 5102 σκότει
414 5067 428 5081 ·
469 5071 488 5102 ι
513 5053 568 5102 ἐν
587 5049 645 5101 δὲ
675 5053 738 5119 τῇ
775 5051 908 5119 μετά
928 5056 1126 5124 χεῖραςο
1157 5074 1176 5106 ι
1211 5057 1336 5109 Ἰδοὺ
1363 5057 1574 5112 τέθεικά
1598 5076 1654 5110 σε

139 5139 210 5199 είς
236 5139 348 5207 φῶς
377 5142 562 5206 ἐθνῶν,
595 5141 687 5196 τοῦ
713 5147 1043 5216 καταστῆσαι
1070 5148 1165 5217 τὴν
1197 5149 1316 5217 γῆν,
1353 5150 1443 5200 καὶ
1465 5149 1654 5220 κληρο-

137 5228 358 5298 νομῆσαι
427 5232 782 5303 κληρονομίαν
837 5237 1036 5308 ἐρήμου
1069 5277 1083 5300 ,
1143 5235 1364 5304 λέγοντα
1421 5241 1530 5301 τοῖς
1599 5244 1657 5294 ὲν

141 5315 340 5387 δεσμοῖς
362 5337 376 5351 ·
419 5321 684 5386 Ἐξέλθετε
704 5362 718 5385 ,
768 5326 857 5377 καὶ
888 5329 995 5388 τοῖς
1041 5328 1097 5377 ἐν
1140 5325 1216 5394 τῷ
1241 5328 1414 5380 σκότει
1449 5343 1462 5358 ·
1505 5331 1653 5384 Ἀνα-

141 5405 451 5479 καλύφθητε.
502 5429 521 5460 ι
569 5412 687 5465 ὐτι
734 5413 828 5482 μέν
879 5412 969 5467 οὖν
1021 5413 1190 5466 οὐδενὶ
1239 5415 1378 5485 ἄλλῳ
1426 5416 1457 5484 ἢ
1511 5418 1651 5488 μόνῳ

143 5495 210 5566 τῷ
239 5500 442 5569 Σωτῆρι
475 5502 628 5570 ἡμῶν
665 5503 884 5573 ἁρμόζει
932 5504 998 5557 τὰ
1029 5505 1084 5556 ἐν
1120 5507 1236 5568 ταῖς
1278 5508 1649 5576 προκειμέναις

209 5674 357 5730 ‘lsai.
383 5690 526 5739 xux,
561 5676 702 5729 I-Il.

1766 4595 1915 4649 sione
1941 4593 2172 4658 vinctos,
2222 4592 2290 4648 de
2335 4592 2495 4647 domo
2526 4595 2759 4648 carceris
2793 4596 3037 4650 sedentes
3066 4597 3118 4649 in
3146 4603 3292 4650 tene-

1760 4686 1905 4749 bris;
1941 4701 1960 4735 ι
1994 4683 2046 4735 in
2071 4693 2332 4752 praesente
2370 4698 2497 4736 vero
2523 4684 2802 4751 praphetia
2833 4701 2847 4736 :
2878 4701 2895 4732 ι
2926 4683 3064 4736 Ecce
3090 4683 3209 4736 dedi
3239 4692 3292 4737 te

1761 4777 1816 4830 in
1846 4777 2015 4828 lucem
2031 4774 2291 4843 gentium,
2319 4781 2376 4825 ut
2409 4774 2700 4827 suscitares
2723 4781 2942 4836 terram,
2967 4781 3020 4826 et
3046 4773 3290 4841 posside—

1761 4881 1847 4920 res
1877 4863 2209 4917 hmreditates
2233 4863 2554 4930 dissipatas;
2589 4869 2648 4914 ut
2671 4862 2877 4916 diceres
2901 4862 2984 4916 his
3005 4863 3096 4930 qui
3123 4863 3287 4929 vincti

1757 4965 1880 5016 sunt
1912 4974 1925 5008 :
1960 4952 2134 5014 Exite,
2164 4958 2218 5005 et
2247 4950 2330 5005 his
2360 4951 2450 5019 qui
2482 4951 2538 5003 in
2565 4951 2800 5006 tenebris
2827 4970 2840 5004 :
2875 4951 3224 5007 Revelamini.
3264 4974 3281 5004 ι

1759 5059 1910 5129 Quod
1945 5057 2157 5127 quidem
2215 5055 2346 5108 nulli
2391 5054 2506 5106 alii-
2533 5067 2595 5107 ac
2651 5054 2750 5108 soli
2785 5053 3048 5109 Salvatori
3100 5063 3288 5111 nostro

1760 5149 2083 5207 conveniunt
2108 5147 2210 5200 illae
2256 5142 2565 5214 prophetiae,
2596 5143 2936 5198 manifestum
2977 5145 3066 5198 ﬂet
3104 5147 3288 5200 multi-

1759 5242 1930 5296 tudini
1960 5239 2192 5308 gentium
2221 5250 2339 5305 quae
2367 5236 2421 5288 in
2448 5249 2568 5288 eum
2617 5243 2776 5304 atque
2818 5228 2912 5302 per
2933 5250 3054 5290 eum
3084 5235 3138 5288 in
3168 5251 3288 5291 om-

1756 5334 1901 5387 nium
1923 5329 2089 5383 Deum
2112 5335 2476 5395 speraverant,
2493 5325 2688 5393 quibus
2712 5339 2742 5376 a
2772 5323 2931 5379 Patre
2959 5326 3289 5381 constitutus

1757 5427 1840 5474 est
1869 5419 1924 5471 in
1957 5418 2154 5472 lumen.
2189 5414 2277 5468 Ait
2296 5415 2476 5484 igitur,
2505 5433 2522 5463 ι
2561 5422 2619 5466 ιιι
2648 5413 2937 5468 suscitares
2983 5422 3178 5468 terram
3207 5451 3224 5476 ,
3266 5434 3286 5465 ι

1761 5510 1962 5565 scilicet
1989 5509 2055 5564 ad
2085 5507 2312 5562 animam
2342 5506 2491 5573 prius
2517 5504 2744 5558 tumultu
2773 5510 2827 5558 et
2860 5505 3091 5572 procella
3118 5505 3299 5574 agita.
