3952 6388
134 373 278 428 1233

1160 381 1444 437 ECLOG.~E
1484 385 1943 448 PROPIIETICE.
1981 426 2048 436 —-
2083 395 2208 450 LIB.
2247 396 2327 452 ιγ.

3174 409 3194 462 t
3207 395 3308 460 2'54

131 491 303 553 ζοντα
331 490 434 560 τὴν
466 491 640 576 ψυχήν
667 493 845 557 αὐτοῦ,
889 496 1410 570 τδνοβδελυσσόμενον
1441 505 1541 557 ὑπὸ
1587 507 1687 560 τῶν

1789 513 2120 568 minantium.
2147 514 2314 586 Reges
2339 515 2588 571 videbunt
2608 520 2796 586 eumfet
2811 532 3094 592 exsurgent
3109 525 3327 592 princi-‘

128 579 311 632 ἐθνῶν
339 581 454 633 τῶν
474 582 674 636 δούλων
699 585 803 636 τῶν
819 586 1181 654 ἀρχόντων.Βα
1191 590 1349 654 σιλεῖς
1365 593 1576 660 ὄψονται
1592 598 1686 650 αὺ-

126 668 243 729 τὸν,
281 671 388 722 κα)⁸
403 672 792 742 ἀναστήσονται
816 675 1085 743 ἄρχοντες,
1125 681 1215 732 καὶ
1237 687 1688 753 προσκυνήσουσιν

124 759 281 830 αὐτῷ
308 760 504 814 ἕνεκεν
533 765 753 834 Κυρίου⁹
779 769 856 821 ὅτι
884 772 1066 833 πιστός
1083 772 1225 823 ἐστιν
1247 774 1274 824 6
1297 773 1443 840 ἅγιος
1458 775 1684 845 Ἰσραὴλ,

122 848 220 902 καὶ
242 848 592 921 ἐξελεξάμην
619 871 696 906 σε,
723 856 902 921 Οὕτως
930 861 1068 928 λέγει
1089 862 1301 932 Κύριος-ο
1320 863 1504 934 Καιρῷ
1523 865 1687 935 δεκτῷ

120 941 426 1008 ἐπήκουσά
450 959 564 1004 σου,
599 946 689 996 καὶ
713 947 767 998 ἐν
791 950 968 1020 ἡμέρα
1000 952 1260 1020 σωτηρίας
1288 953 1550 1022 ἐϐοήθησά
1583 972 1684 1016 σοι,

121 1030 221 1082 καὶ
246 1030 478 1084 ἐπλασά
506 1050 587 1094 σε,
611 1036 702 1086 καὶ
726 1037 896 1092 ἔδωκά
929 1058 985 1092 σε
1008 1045 1086 1104 είς
1121 1042 1376 1112 διαθήκην
1409 1043 1569 1096 ἐθνῶν
1593 1045 1686 1097 τοῦ

118 1123 484 1192 καταστῆσαι
510 1123 606 1192 τὴν
637 1129 756 1197 γῆν,
787 1130 878 1181 καὶ
914 1131 1305 1201 κληρονομῆσαι
1333 1134 1685 1204 κληρονομίας

119 1212 400 1280 ἐρήμους,
421 1215 644 1283 λέγοντα
660 1222 768 1280 τοῖς
783 1220 837 1270 ἐν
857 1219 1066 1290 δεσμοῖς
1083 1238 1096 1250 ο
1144 1221 1424 1286 Ἐξέλθετε,
1459 1226 1550 1276 καὶ
1581 1229 1688 1288 τοῖς

117 1301 177 1351 ἐν
205 1301 290 1370 τῷ
323 1306 533 1369 σκότει,
557 1308 1004 1376 ἀνακαλυφθῆναι,
1035 1310 1122 1362 καὶ
1135 1312 1190 1363 ἐν
1219 1311 1410 1374 πάσαις
1429 1317 1542 1375 ταῖς
1556 1314 1689 1376 ὁδοῖς

119 1389 575 1462 βοσκηθήσονται
596 1433 610 1456 ,
643 1397 736 1448 καὶ
763 1399 818 1447 ἐν
852 1398 1046 1460 πάσαις
1075 1401 1189 1460 ταῖς
1233 1401 1433 1469 τρίϐοις
1470 1405 1501 1470 ή
1555 1404 1688 1473 νομὴ

117 1479 345 1557 αὐτῶνθ
385 1484 446 1534 οὐ
509 1486 844 1538 πεινάσουσιν
867 1525 880 1549 ,
920 1489 1035 1540 οὐδέ
1073 1488 1398 1558 διψήσουσιν.
1427 1492 1542 1543 οὐδὲ
1589 1509 1690 1545 πα-

115 1567 274 1632 τάξει
333 1572 542 1634 αὐτοὺς
588 1573 832 1637 καύσων,
861 1575 975 1627 οωέ
1027 1577 1055 1627 6
1087 1577 1262 1646 ἥλιος·
1302 1579 1412 1630 ἀλλ’
1453 1582 1480 1632 6
1529 1581 1688 1633 ἐλεῶν

116 1658 328 1722 αὐτοὺς
374 1663 740 1732 παρακαλέσει
786 1666 996 1727 αὐτοὺς,
1050 1667 1140 1718 καὶ
1189 1668 1273 1720 διὰ
1332 1670 1515 1739 πηγῶν
1568 1671 1690 1723 ὑδά-

114 1766 226 1800 των
256 1750 389 1812 ἄξει
425 1752 638 1815 αὐτοὺς,
692 1754 782 1806 καὶ
827 1753 973 1823 θήσω
1020 1757 1124 1807 πᾶν
1169 1756 1290 1826 ὅρος
1315 1759 1391 1819 εἰς
1417 1759 1550 1821 ὁδὸν,
1592 1760 1684 1812 καὶ

1787 609 1965 671 pes,et
1987 604 2282 658 adorabunt
2297 621 2415 660 eum
2436 613 2649 675 propter
2671 605 2944 664 Dominum
2964 614 3117 681 :quia
3138 613 3308 667 ﬁdelis

1785 697 1868 742 est
1901 687 2130 744 Sanctus
2168 693 2350 754 Israel,
2386 701 2438 746 et
2464 694 2597 763 elegi
2629 701 2700 749 te.
2727 695 2846 751 limo
2867 698 3264 755 dicitDominus
3291 721 3303 755 :

1784 778 1842 832 In
1875 789 2108 849 tempore
2122 781 2312 850 placito
2327 784 2566 837 exaudivi
2593 792 2663 848 te,
2687 793 2739 839 et
2758 786 2811 838 in
2839 787 2923 842 die
2943 789 3127 844 salutis
3159 792 3309 844 auxi-

1787 868 1945 922 liatus
1969 884 2084 921 sum
2111 871 2203 923 tibi
2225 888 2236 923 :
2257 878 2308 924 et
2327 872 2532 924 servavi
2556 881 2626 933 te,
2651 881 2703 926 et
2725 872 2842 925 dedi
2872 874 2988 927 tein
3017 875 3190 930 Imdus
3221 891 3307 944 po-

1785 957 1914 1024 puli,
1940 964 1997 1009 ut
2030 958 2316 1012 suscitares
2339 964 2553 1021 terram,
2578 967 2629 1011 et
2656 959 2955 1026 possideres
2975 961 3335 1018 btcreditatcs~

1786 1045 2104 1113 dissipatas;
2133 1054 2190 1098 ut
2210 1046 2413 1100 diceres
2445 1047 2526 1100 his
2554 1049 2644 1116 qui
2666 1049 2826 1101 vincti
2853 1056 2978 1102 sunt
3007 1068 3016 1100 :
3048 1049 3215 1114 Exite,
3256 1060 3308 1106 et

1787 1135 1869 1188 his
1892 1136 1983 1202 qui
2014 1136 2067 1187 in
2094 1136 2328 1189 tenebris
2360 1149 2375 1187 :
2406 1135 2747 1190 Revelamini.
2792 1136 2962 1206 Super
2984 1154 3167 1194 omnes
3192 1143 3306 1196 vias

1787 1232 2095 1293 pascentur,
2121 1231 2174 1278 et
2199 1224 2253 1277 in
2283 1224 2530 1278 omnibus
2554 1226 2725 1294 planis
2749 1241 2944 1294 pascua
2967 1242 3170 1282 eorum.
3192 1228 3305 1282 Non

1787 1328 2052 1390 esurient,
2092 1342 2262 1396 neque
2292 1327 2490 1392 sitient,
2533 1335 2585 1382 et
2613 1344 2716 1383 non
2751 1331 3009 1398 percutiet
3036 1347 3127 1386 eos
3151 1341 3309 1388 aestus

1787 1426 1838 1471 et
1866 1419 1944 1471 sol
1973 1436 1986 1471 :
2015 1418 2138 1485 quia
2166 1418 2447 1472 miserator
2482 1432 2664 1472 eorum
2696 1428 2840 1488 reget
2870 1436 2982 1485 eos,
3013 1431 3066 1476 et
3094 1423 3161 1475 ad
3195 1425 3310 1476 fon-

1787 1515 1866 1562 tes
1892 1521 2148 1575 aquarum
2180 1507 2385 1577 potabit
2413 1523 2526 1563 eos.
2562 1507 2625 1562 Et
2655 1523 2845 1576 ponam
2872 1525 3056 1566 omnes
3103 1521 3313 1568 montes

1786 1611 1933 1650 meos
1963 1597 2017 1649 in
2045 1597 2204 1660 viam,
2231 1607 2282 1651 et
2312 1612 2523 1652 omnem
2561 1599 2799 1653 semitam
2831 1601 2908 1654 eis
2932 1601 2986 1654 in
3019 1617 3215 1671 pascua
3236 1606 3307 1658 ί.»

1789 1683 2090 1739 Verisimile
2122 1693 2204 1739 est
2235 1686 2440 1754 opinari
2485 1685 2733 1742 Hebrzeos
2763 1688 2863 1742 sibi
2907 1689 3064 1755 hujus
3081 1691 3312 1760 prophe—

1789 1773 1876 1826 tite
1898 1773 2057 1826 verba
2107 1773 2232 1835 dici,
2285 1773 2487 1828 scilicet
2523 1791 2537 1828 :
2579 1792 2597 1825 ι
2634 1774 2697 1828 Ει
2735 1776 2868 1829 dixit
2898 1776 3027 1829 mihi
3060 1794 3074 1830 :
3114 1775 3312 1834 Servus

115 1841 309 1892 πᾶσαν
364 1841 549 1910 τρίϐον
610 1845 686 1906 εἰς
748 1843 990 1912 βόσκημα
1050 1845 1242 1907 αὐτοῖς.
1299 1866 1317 1897 ι
1360 1847 1515 1910 Εἰκὸς
1567 1850 1687 1910 τοὺς

1788 1873 1936 1913 meus
1959 1874 2018 1912 es
2051 1867 2134 1922 tu,
2160 1858 2345 1925 Israel,
2376 1870 2427 1915 et
2470 1861 2524 1914 in
2573 1869 2625 1916 te
2677 1863 2959 1932 gloriabor.
3000 1884 3018 1916 ι
3052 1863 3168 1919 Non
3196 1867 3312 1921 istis

116 1931 180 1981 ἐκ
217 1933 542 2001 περιτομῆς
583 1932 783 1984 οἴεσθαι
828 1934 951 2006 περὶ
988 1935 1190 1986 ἑαυτῶν
1235 1937 1475 2005 εἰρῆσθαι
1514 1937 1580 1990 τὰ
1629 1940 1684 1990 ἐν

112 2023 180 2090 τῇ
223 2023 591 2092 προφητεία,
627 2024 850 2092 ἐπείπερ
893 2022 1162 2075 λέλεκται·
1214 2043 1232 2075 ι
1265 2027 1368 2076 Καὶ
1410 2022 1524 2078 εἶπέ
1565 2043 1683 2095 μοι’

113 2108 327 2172 Δοῦλός
375 2127 480 2179 μου
519 2106 570 2163 εἷ
602 2113 686 2175 σὺ,
726 2112 954 2182 Ἰσραὴλ,
995 2113 1084 2165 καὶ
1118 2115 1175 2164 ἐν
1213 2116 1292 2166 σοὶ
1322 2115 1689 2186 ἐνδοξασθήσο-

117 2216 220 2267 μαι
241 2215 256 2228 ·
292 2220 314 2250 ι
353 2200 498 2270 πρὸς
526 2201 581 2253 δὲ
615 2200 690 2269 τῷ
737 2200 808 2270 μὴ
851 2200 1104 2271 ἁρμόζειν
1131 2202 1148 2270 (
1171 2201 1211 2269 Ῑ.
1237 2202 1340 2272 54)
1381 2204 1561 2265 αὐτοῖς
1591 2204 1688 2266 τὰς

112 2287 298 2351 λέξεις
339 2288 534 2357 σαφῶς
567 2288 938 2342 ἀποδείκνυται
970 2292 1060 2342 καὶ
1080 2291 1185 2342 ἀπὸ
1213 2290 1315 2343 τῶν
1346 2291 1487 2360 ἑξῆς,
1519 2292 1596 2343 ὅτι
1626 2291 1687 2361 δὴ

111 2378 249 2447 περὶ
302 2377 507 2447 ἐτέρου
578 2376 787 2446 Ἰσραὴλ
840 2377 907 2429 τὰ
955 2378 1215 2447 λεγόμενα
1266 2379 1684 2448 προφητεύεται·

111 2465 456 2535 γέγραπται
506 2465 641 2535 γάρ·
690 2481 708 2515 ι
751 2465 857 2517 Καὶ
891 2467 982 2518 νῦν
1031 2466 1198 2529 οὕτως
1229 2466 1372 2534 λέγει
1420 2467 1618 2537 Κύριος
1661 2469 1689 2520 6

112 2555 352 2618 πλάσας
395 2573 464 2624 με
493 2557 557 2607 ἐκ
587 2555 789 2616 κοιλίας
815 2555 991 2608 δοῦλον
1025 2557 1196 2626 ἐαυτῷ
1233 2557 1326 2609 τοῦ
1375 2562 1688 2626 συναγαγεῖν

108 2645 203 2696 τὸν
242 2642 465 2696 Ἰακὼϐ
503 2644 711 2696 καὶτὸν
749 2644 958 2712 Ἰσραὴλ
996 2645 1128 2714 πρὸς
1165 2645 1356 2698 αὐτόν·
1391 2647 1484 2697 καὶ
1533 2647 1686 2699 πάλιν

108 2733 238 2788 εἶπέ
278 2753 418 2807 μοι·
451 2737 608 2802 Μέγα
643 2737 722 2789 σοί
743 2739 886 2789 ἐστιν
910 2738 966 2790 τὸ
994 2737 1250 2808 κληθῆναί
1289 2755 1347 2790 σε
1379 2741 1540 2792 παῖδά
1565 2758 1684 2809 μου,

106 2827 204 2879 τοῦ
245 2827 472 2894 στῆσαι
497 2826 593 2889 τάς
623 2826 789 2894 φυλὰς
813 2826 904 2878 τοῦ
937 2827 1124 2879 Ἰακὼϐ
1157 2828 1247 2880 καὶ
1276 2830 1372 2891 τὰς
1397 2829 1686 2900 διασπορὰς

105 2917 205 2969 τοῦ
243 2915 488 2986 Ἰσραὴλ
503 2916 833 2986 ἐπιστρέψαι.
849 2935 866 2966 ι
900 2916 1055 2969 Ἀλλά
1077 2918 1166 2969 καὶ
1184 2918 1263 2968 τό·
1287 2935 1304 2967 ι
1327 2917 1452 2970 Ἰδοὺ
1476 2918 1688 2972 τέθεικά

109 3025 170 3059 σε
229 3009 330 3068 εἰς
391 3005 509 3073 φῶς
538 3006 721 3068 ἐθνῶν,
766 3005 855 3057 τοῦ
898 3003 1032 3058 εἶναί
1077 3023 1134 3058 σε
1167 3009 1244 3068 είς
1291 3008 1556 3078 σωτηρίαν
1587 3009 1687 3072 ἕως

105 3099 372 3166 ἐσχάτου
425 3096 524 3163 τῆς
555 3095 675 3162 γῆς,
707 3113 725 3144 ι
775 3095 1065 3164 παράδοξόν
1095 3113 1210 3146 τινα
1257 3096 1347 3147 καὶ
1388 3095 1688 3166 θαυμαστὸν

1786 1961 1910 2000 vero
1938 1947 2050 2001 haec
2074 1949 2360 2003 convenire
2379 1949 2746 2005 demonstrant
2775 1967 2890 2021 quae
2915 1963 3230 2023 sequuntur,
3263 1967 3314 2010 et

1785 2035 1850 2087 ad
1880 2035 2041 2088 alium
2066 2037 2229 2090 Israel
2265 2046 2539 2105 spectare;
2576 2038 2830 2106 scriptum
2860 2048 2941 2094 est
2969 2039 3109 2093 enim
3140 2058 3154 2094 :
3193 2059 3211 2089 ‹
3252 2038 3312 2092 Et

1785 2139 1928 2178 nunc
1959 2125 2035 2178 sic
2059 2125 2186 2180 dicit
2218 2125 2492 2192 Dominus,
2547 2128 2784 2182 formans
2815 2144 2897 2184 me
2927 2145 2993 2183 ex
3023 2137 3173 2184 utero
3197 2145 3312 2184 ser-

1784 2231 1908 2269 vum
1936 2214 2060 2278 sibi,
2093 2223 2152 2268 ut
2175 2215 2420 2270 reducam
2458 2214 2620 2270 Jacob
2645 2215 2710 2268 ad
2739 2231 2881 2276 eum.
2933 2224 2985 2270 et
3026 2217 3209 2270 Israel.
3247 2215 3316 2270 Et

1785 2319 1972 2358 rursus
2001 2304 2135 2358 dixit
2164 2304 2326 2357 mihi:
2364 2303 2608 2374 Magnum
2653 2305 2748 2358 tibi
2799 2312 2880 2359 est
2929 2307 3110 2359 vocari
3145 2306 3311 2359 ﬁlium

1785 2410 1983 2458 meum,
2019 2394 2084 2448 ad
2116 2393 2453 2449 suscitandas
2475 2395 2646 2450 tribus
2667 2393 2850 2458 Jacob,
2891 2406 2944 2450 et
2971 2395 3126 2451 faeces
3153 2395 3315 2449 Israel

1785 2497 2192 2552 convertendas.
2232 2515 2250 2549 ι
2283 2496 2387 2552 Sed
2416 2504 2468 2552 et
2497 2498 2623 2552 illud
2651 2517 2663 2550 :
2699 2517 2718 2550 ι
2751 2498 2885 2553 Ecce
2912 2498 3031 2553 dedi
3061 2507 3113 2554 te
3150 2500 3202 2552 in
3234 2500 3316 2552 lu-

1785 2601 1899 2640 cem
1928 2587 2183 2656 gentium,
2217 2594 2275 2639 ut
2304 2587 2378 2641 sis
2405 2587 2549 2641 salus
2581 2602 2698 2641 mea
2731 2602 2900 2656 usque
2927 2587 2993 2639 ad
3019 2596 3314 2640 extremum

1785 2684 1958 2739 terrae,
1996 2695 2014 2726 ι
2044 2676 2402 2730 admirabilem
2429 2677 2714 2745 quemdam
2737 2685 2789 2729 et
2813 2676 3172 2744 prodigiosum
3204 2675 3316 2728 fore

1785 2765 2114 2819 demonstrat
2143 2779 2262 2819 eum
2292 2765 2359 2818 de
2389 2779 2494 2834 quo
2535 2779 2711 2818 sermo
2756 2765 2996 2818 habetur.
3046 2763 3177 2830 Quis
3221 2781 3316 2818 au-

1785 2863 1888 2908 tem
1922 2854 2010 2907 hic
2035 2861 2197 2918 esset,
2225 2855 2325 2908 nisi
2345 2853 2602 2907 Dominus
2632 2861 2814 2907 noster
2839 2853 2997 2907 Jesus
3026 2853 3273 2908 Christus
3298 2895 3311 2914 .

1785 2945 1876 3013 qui
1903 2943 2014 3012 jam
2046 2946 2194 3014 prius
2225 2945 2278 2998 in
2305 2945 2370 2998 iis
2397 2959 2512 3014 quae
2540 2959 2700 3013 supra
2746 2944 2909 2998 relata
2944 2951 3105 3006 sunt,
3151 2943 3315 2998 Jacob

1786 3043 1840 3087 et
1875 3035 2035 3087 Israel
2061 3034 2432 3089 manifestatus
2485 3043 2565 3088 est
2615 3034 2797 3088 dicens
2845 3052 2855 3086 :
2908 3052 2924 3084 ι
2961 3033 3144 3102 Iacob;
3186 3049 3316 3102 puer

1786 3139 1958 3186 meus,
1987 3124 2273 3191 suscipiam
2323 3139 2477 3187 cutn,
2534 3130 2586 3176 et
2631 3123 2793 3176 Israel
2868 3123 3068 3177 electus
3116 3128 3316 3176 meus:

107 3188 438 3258 ὑποφαίνει
473 3184 560 3236 τὸν
591 3184 712 3252 περὶ
740 3177 797 3234 οὗ
830 3185 856 3234 6
880 3185 1049 3249 λόγος.
1068 3185 1160 3246 Τίς
1188 3185 1230 3235 δ’
1259 3185 1322 3237 ἂν
1353 3178 1502 3247 οὗτος
1529 3187 1611 3256 εἴη
1646 3187 1678 3255 ἦ

1788 3211 2022 3279 suscepit
2051 3227 2171 3264 eum
2226 3213 2398 3265 anima
2455 3211 2608 3264 mea?
2641 3230 2658 3262 ι
2721 3210 2818 3263 Hic
2854 3212 2994 3264 enim
3039 3222 3121 3265 est
3170 3212 3318 3266 solus

102 3282 132 3330 6
158 3277 410 3348 Κύριος
446 3272 596 3340 ήμῶν
627 3273 825 3340 Ἰησοῦς
851 3274 1094 3343 Χριστὸς,
1121 3276 1148 3325 6
1177 3275 1267 3326 καὶ
1303 3275 1400 3344 ήδη
1427 3275 1682 3344 πρότερον

105 3372 163 3419 ἐν
191 3369 334 3423 τοῖς
372 3361 628 3430 ἀνωτέρω
670 3361 855 3414 Ἰακὼϐ
878 3363 1212 3432 χρηματίσας
1244 3363 1336 3416 καὶ
1367 3363 1574 3433 Ἰσραὴλ
1603 3362 1688 3415 διὰ

103 3458 230 3510 τοῦο
264 3473 287 3505 ι
323 3449 529 3505 Ἰακὼϐ
553 3453 579 3502 ὁ
600 3453 724 3512 παῖς
753 3469 870 3520 μου,
894 3451 1241 3522 ἀντιλήψομαι
1273 3453 1456 3517 αὑτοῦ,
1482 3450 1689 3522 Ἰσραήλ

103 3552 133 3602 6
167 3543 466 3602 ἐκλεκτός
499 3557 630 3610 μου,
676 3541 1023 3612 προσεδέξατο
1054 3543 1209 3594 αὑτὸν
1252 3545 1284 3612 ή
1323 3543 1464 3612 ψυχή
1504 3559 1633 3612 μου;
1665 3562 1682 3593 ι

104 3634 300 3699 Οὗτος
329 3634 452 3702 γάρ
500 3632 644 3683 ἐστιν
673 3633 701 3683 6
753 3632 906 3701 μόνος
949 3635 1067 3684 κατ’
1096 3631 1345 3702 ἀλήθειαν
1385 3632 1523 3700 ὁρῶν
1561 3631 1688 3683 Θεὸν

104 3729 205 3780 τὸν
240 3721 509 3789 Πατέρα,
553 3720 758 3790 Ἰσραήλ
795 3722 892 3789 μὲν
929 3722 1332 3791 ὀνομαζόμενος,
1360 3722 1493 3791 ὅπερ
1520 3723 1686 3790 ἑρμη-

105 3813 353 3866 νεύεται
391 3825 411 3856 ι
437 3805 580 3876 ὁρῶν
617 3806 707 3858 τὸν
743 3806 892 3869 Θεὸν,
921 3828 938 3858 ι
967 3809 1083 3860 κατ’
1116 3809 1349 3860 ἐπίνοιαν
1397 3808 1556 3860 αὐτοῦ
1591 3808 1688 3876 τῆς

106 3903 399 3970 θεότητος
419 3913 433 3926 °
465 3894 656 3947 Ἰακὼϐ
680 3895 756 3960 δὲ,
775 3899 906 3967 ὅπερ
929 3898 1042 3948 ἐστι⁸
1074 3916 1092 3947 ι
1120 3898 1454 3969 πτερνιστὴς,
1482 3917 1500 3948 ι
1525 3897 1640 3952 καθ’
1661 3898 1688 3950 ὃ

104 3986 575 4059 ἐνανθρωπήσας
592 3986 992 4054 κατηγωνίσατο
1014 3988 1186 4050 πάσας
1207 3988 1302 4050 τὰς
1323 3987 1688 4058 ἀντικειμένας

103 4083 424 4148 δυνάμεις.
461 4076 602 4146 ’Ὀρα
653 4076 708 4127 δὲ
758 4079 805 4129 εί
846 4079 919 4146 μή
974 4077 1280 4146 συνᾴδουσιν
1335 4077 1584 4148 ἀλλήλαις
1633 4079 1689 4130 αἱ

105 4169 474 4243 περικοπαὶ,
506 4168 540 4236 ἦ
572 4183 629 4219 τε
665 4167 800 4236 μετὰ
826 4171 1036 4237 χεῖρας,
1070 4169 1159 4220 καὶ
1201 4171 1256 4220 ἐν
1365 4169 1574 4236 ἐλέγετο
1598 4168 1687 4229 τὸ,

112 4286 132 4316 ι
159 4257 386 4316 Ἰακὼϐ
409 4260 439 4309 6
468 4259 594 4319 παῖς
618 4273 716 4326 μου
737 4276 754 4307 ι
779 4260 857 4320 εἰς
875 4260 972 4313 τὸν
997 4259 1220 4328 Χριστὸν
1269 4259 1686 4330 ἀναφερόμενον

104 4356 188 4417 ὡς
227 4351 356 4420 γάρ
402 4362 485 4398 τοι
534 4347 646 4397 ἐκεῖ
671 4347 730 4397 τὸ
765 4364 782 4396 ι
827 4347 1014 4400 Ἰακὼϐ
1049 4350 1077 4400 ὁ
1127 4351 1252 4410 παῖς
1286 4364 1384 4418 μου
1408 4367 1426 4399 ι
1463 4349 1690 4418 εἴρηται,

103 4443 305 4504 οὕτως
375 4435 566 4490 ἐνθάδε
614 4436 674 4487 τὸ
710 4453 728 4484 ι
763 4436 902 4504 μέγα
939 4437 1019 4488 σοί
1060 4437 1171 4489 ἐστι
1210 4437 1302 4490 τοῦ
1339 4437 1594 4508 κληθῆναί
1634 4453 1692 4488 σε

1789 3314 1912 3353 vere
1939 3299 2124 3353 videns
2155 3299 2318 3353 Deum
2352 3299 2559 3352 Patrem
2582 3337 2597 3361 ,
2639 3299 2802 3352 Israel
2828 3299 3040 3368 quidem
3073 3301 3316 3352 nomina-

1789 3397 1894 3451 tus,
1918 3387 2059 3458 quod
2096 3388 2472 3457 interpretatur
2500 3386 2671 3440 videns
2706 3386 2864 3439 Deum
2883 3427 2896 3452 ,
2937 3388 3090 3455 juxta
3118 3387 3314 3440 divini-

1787 3493 1911 3546 tatis
1940 3506 2300 3547 suarsensum
2325 3509 2340 3558 ;
2370 3489 2536 3545 Jacob
2577 3499 2773 3554 autem,
2830 3491 2882 3542 id
2915 3500 2997 3545 est
3051 3492 3274 3544 luctator
3300 3531 3313 3551 ,

1787 3583 2037 3651 quoniam
2079 3582 2388 3636 incarnatus
2437 3595 2621 3635 omnes
2653 3581 2984 3634 advel-sarias
3036 3581 3316 3634 debellavit

1786 3679 2093 3741 potestates.
2123 3670 2350 3724 Attende
2389 3669 2529 3724 enim
2559 3669 2826 3738 quomodo
2854 3669 3192 3723 consentiant
3236 3669 3318 3721 in-

1786 3773 1867 3818 ter
1896 3779 1953 3818 se
1985 3765 2309 3832 prophetize;
2342 3764 2453 3818 haec
2481 3765 2718 3834 quidem,
2749 3765 2815 3818 de
2843 3780 2946 3834 qua
2967 3781 3109 3818 nunc
3141 3780 3320 3819 sermo

1786 3857 2028 3920 habetur,
2051 3857 2172 3910 etin
2200 3872 2304 3926 qua
2325 3857 2520 3909 dicitur
2544 3857 2698 3920 illud,
2719 3876 2735 3907 ι
2758 3855 2922 3911 Jacob
2945 3858 3085 3912 lilius
3112 3873 3311 3923 meus,»

1785 3950 1926 4020 quod
1952 3950 2017 4003 ad
2043 3949 2314 4004 Christum
2346 3958 2582 4019 spectat;
2619 3951 2758 4005 sicut
2785 3953 2926 4006 enim
2956 3953 3065 4006 illic
3109 3971 3127 4004 ι
3152 3951 3317 4007 Jacob

1786 4055 1916 4110 puer
1942 4055 2091 4094 meus
2127 4058 2146 4091 ι
2174 4040 2388 4104 dicitur,
2416 4040 2490 4092 ita
2515 4040 2603 4095 hic
2643 4059 2662 4092 ι
2699 4041 2943 4112 Magnum
2974 4043 3069 4096 tibi
3109 4049 3190 4096 est
3219 4057 3314 4094 vo-

1789 4130 1900 4184 cari
1930 4135 1980 4183 te
2012 4127 2174 4181 ﬁlium
2205 4143 2380 4183 meum
2403 4145 2417 4190 ;
2443 4147 2460 4178 ι
2482 4135 2534 4183 et
2555 4129 2694 4183 sicut
2723 4129 2850 4192 illic,
2883 4150 2898 4180 ι
2928 4129 3090 4185 Israel
3117 4131 3320 4184 electus

1788 4233 1939 4273 meus
1973 4239 1990 4269 ι
2029 4217 2243 4283 dicitur,
2272 4218 2344 4271 ita
2374 4218 2482 4282 hic,
2510 4237 2528 4270 ι
2576 4219 2700 4288 quia
2748 4219 2917 4274 ﬁdelis
2965 4230 3046 4274 est
3101 4227 3320 4274 sanctus

1790 4310 1972 4374 Israel,
2002 4317 2056 4365 et
2087 4310 2220 4380 elegi
2246 4317 2318 4364 te.
2358 4331 2378 4360 ι
2411 4307 2727 4379 Rursusque
2753 4310 2861 4365 illic
2892 4311 3089 4364 dicitur
3109 4327 3123 4365 :
3147 4329 3166 4362 ι
3192 4309 3319 4364 Dedi

1795 4425 1846 4470 te
1872 4416 1925 4468 in
1946 4422 2320 4470 testamentum
2348 4415 2578 4483 generis,
2629 4416 2682 4468 in
2720 4415 2896 4470 lumen
2941 4416 3177 4486 gentium
3202 4456 3218 4479 ,
3265 4421 3325 4470 ut

108 4530 299 4584 παῖδά
324 4543 433 4598 μου
454 4542 468 4554 ·
483 4544 502 4576 ι
527 4527 619 4577 καὶ
641 4524 715 4586 ὼς
740 4525 942 4599 ἐκεῖητδ,
965 4544 983 4576 ‹
1006 4527 1214 4596 Ἰσραήλ
1233 4530 1260 4580 6
1279 4504 1522 4592 ἐκλεκτός
1548 4546 1644 4598 μου
1666 4548 1684 4580 ι

1792 4505 2027 4575 aperires
2051 4505 2236 4560 oculos
2267 4519 2530 4559 caecorum
2551 4543 2568 4567 ,
2617 4511 2670 4558 et
2702 4504 2956 4559 educeres
3006 4504 3068 4558 de
3102 4505 3322 4559 conclu-

104 4623 417 4679 λέλεκται,
444 4614 614 4677 οὕτως
639 4613 818 4666 ἐνθάδε
839 4613 918 4677 τὺ,
947 4633 965 4664 ι
983 4615 1062 4668 ὅτι
1101 4617 1283 4680 πιστός
1315 4621 1458 4671 ἐστιν
1484 4622 1512 4672 6
1541 4619 1691 4687 ἅγιος

123 4707 394 4778 Ἰσραὴλ,
420 4706 515 4756 καὶ
551 4701 871 4770 ἐξελεξάμην
900 4718 978 4753 σε.
1017 4722 1034 4754 ι
1069 4703 1230 4756 Πάλιν
1257 4722 1316 4757 τε
1349 4702 1413 4759 αὖ
1453 4709 1567 4760 ἐκεῖ
1595 4707 1690 4776 μὲν

106 4802 381 4869 εἴρηται·
423 4813 443 4846 ι
467 4791 682 4851 τΕδωκά
708 4807 764 4842 σε
814 4793 892 4853 εἰς
932 4791 1184 4863 διαθήκην
1212 4795 1414 4861 γένους,
1445 4798 1524 4859 εἰς
1579 4796 1690 4864 φῶς

107 4887 344 4948 ἐθνῶν,
403 4879 612 4944 ἀνοῖξαι
669 4879 971 4949 ὀφθαλμοὺς
1009 4881 1252 4949 τυφλῶν,
1303 4884 1580 4953 ἐξαγαγεῖν
1627 4887 1691 4937 ἐκ

107 4975 358 5046 δεσμῶν
380 4971 717 5040 δεδεμένους,
741 4970 832 5021 καὶ
854 4970 910 5034 ἐξ
929 4971 1074 5023 οἴκου
1094 4971 1334 5041 φυλακῆς
1355 4974 1684 5044 καθημένους

109 5066 176 5115 ἐν
219 5061 425 5114 σκότει
445 5073 460 5088 ο
502 5077 520 5108 ι
545 5059 602 5108 ἐν
621 5055 678 5107 δὲ
708 5059 772 5124 τῇ
808 5055 941 5124 μετά
961 5061 1160 5129 χεῖραςο
1191 5078 1209 5110 ι
1244 5061 1370 5112 Ἰδοὺ
1397 5061 1608 5114 τέθεικά
1632 5079 1688 5114 σε

114 5157 207 5216 εἰς
240 5151 374 5221 φῶς
405 5149 596 5212 ἐθνῶν,
629 5147 720 5202 τοῦ
747 5153 1075 5220 καταστῆσαι
1103 5151 1199 5221 τὴν
1232 5153 1350 5221 γῆν,
1387 5154 1478 5204 καὶ
1500 5153 1688 5223 κληρο-

111 5242 386 5313 νομῆσαι
459 5239 815 5309 κληρονομίαν
871 5242 1069 5313 ἐρήμου
1102 5281 1117 5304 ,
1177 5239 1398 5308 λέγοντα
1456 5245 1564 5304 τοῖς
1633 5247 1691 5297 ἐν

112 5333 365 5402 δεσμοῖς
389 5346 405 5360 ο
451 5327 717 5392 Ἐξέλθετε
738 5368 752 5391 ,
801 5331 890 5383 καὶ
921 5334 1028 5393 τοῖς
1073 5332 1130 5381 ἐν
1174 5329 1250 5397 τῷ
1275 5332 1450 5383 σκότει
1483 5347 1497 5362 ο
1541 5333 1688 5386 Ἀνα-

115 5419 485 5488 καλύφθητε.
536 5436 554 5467 ι
603 5418 720 5471 Ὅτι
768 5419 862 5488 μὲν
911 5417 1001 5473 οὖν
1052 5417 1224 5470 οὐδενὶ
1273 5419 1412 5488 ἄλλῳ
1461 5419 1492 5488 ἢ
1547 5421 1686 5492 μόνῳ

114 5515 202 5586 τῷ
243 5510 475 5578 Σωτῆρι
509 5508 662 5577 ήμῶν
699 5509 914 5579 ἁρμόζει
965 5509 1028 5562 τὰ
1059 5510 1114 5561 ἐν
1153 5511 1269 5572 ταῖς
1312 5511 1685 5580 προκειμέναις

203 5692 219 5720 ³
244 5685 386 5742 lsai.
415 5697 560 5745 uix,
595 5682 735 5735 LII.

1799 4598 1948 4652 sione
1973 4595 2204 4658 vinctos,
2254 4593 2322 4650 de
2367 4593 2528 4648 domo
2559 4595 2792 4648 carceris
2825 4595 3070 4649 sedentes
3099 4595 3152 4647 in
3179 4602 3324 4648 tene-

1793 4689 1938 4751 bris;
1973 4703 1993 4736 ι
2028 4685 2080 4737 in
2103 4695 2365 4754 praesente
2404 4698 2530 4737 vero
2557 4683 2835 4752 prophetia
2867 4700 2880 4736 :
2911 4700 2928 4730 ι
2960 4682 3096 4735 Ecce
3123 4681 3243 4734 dedi
3273 4690 3325 4734 le

1794 4780 1848 4832 in
1879 4779 2048 4830 lucem
2062 4775 2324 4844 gentium,
2353 4782 2410 4826 ut
2442 4775 2732 4828 suscitares
2757 4781 2976 4834 terram,
3001 4779 3053 4825 et
3080 4771 3324 4840 posside-

1795 4883 1880 4922 res
1911 4865 2243 4919 bwreditates
2267 4863 2588 4931 dissipatas;
2623 4869 2681 4914 ut
2705 4862 2911 4914 diceres
2935 4861 3019 4915 his
3039 4862 3130 4928 qui
3157 4861 3321 4927 vincti

1791 4966 1915 5018 sunt
1945 4976 1958 5010 :
1994 4953 2168 5015 Exite,
2198 4959 2251 5006 et
2280 4951 2364 5006 bis
2394 4951 2484 5020 qui
2517 4951 2571 5004 in
2600 4950 2834 5004 tenebris
2861 4969 2874 5002 :
2910 4950 3258 5005 Revelamini.
3298 4972 3316 5002 ι

1793 5061 1944 5132 Quod
1979 5058 2192 5128 quidem
2248 5056 2381 5109 nulli
2426 5055 2540 5108 alii-
2567 5068 2629 5107 ac
2685 5053 2783 5108 soli
2820 5052 3083 5108 Salvatori
3135 5061 3323 5108 nostro

1794 5151 2118 5210 conveniunt
2142 5148 2244 5201 illa:
2291 5143 2600 5214 pr0pbetite,
2630 5142 2971 5197 manifestum
3012 5143 3102 5197 ﬂet
3139 5145 3323 5198 multi-

1793 5244 1964 5298 tudini
1995 5240 2227 5310 gentium
2255 5251 2374 5306 quae
2402 5237 2456 5289 in
2483 5250 2603 5290 eum
2653 5243 2812 5302 atque
2852 5227 2948 5301 per
2969 5249 3089 5288 eum
3119 5234 3174 5287 in
3204 5249 3322 5289 om-

1791 5337 1936 5390 nium
1958 5330 2124 5385 Deum
2146 5337 2511 5396 speraverunt,
2529 5325 2723 5395 quibus
2747 5337 2777 5374 a
2807 5321 2968 5378 Patre
2995 5325 3324 5380 constitutus

1792 5429 1875 5477 est
1904 5421 1959 5473 in
1991 5419 2190 5473 lumen.
2224 5416 2312 5469 Ait
2331 5417 2512 5485 igitur,
2541 5434 2557 5464 ι
2597 5422 2654 5466 ιιι
2683 5412 2974 5467 suscitares
3019 5421 3215 5466 terram
3241 5450 3257 5475 ,
3300 5433 3318 5463 ι

1795 5513 1998 5567 scilicet
2025 5511 2091 5566 ad
2120 5509 2347 5563 animam
2378 5507 2528 5575 prius
2554 5503 2781 5558 tumultu
2810 5509 2864 5556 et
2897 5503 3128 5570 procella
3155 5504 3330 5572 agita-
