3952 6406
191 386 360 442 1237

1239 392 1526 448 ἰεῖιοοΕ
1565 392 2030 448 ΡΒΟΡΗΕΤΙΟᾹΞ.
2070 424 2134 432 -
2172 394 2292 451 LIB.
2337 397 2424 453 ιν.

3257 405 3400 518 1233.

185 505 506 562 ἐκλεκτόν.
529 527 647 559 ι-οι
670 510 727 562 '0
743 510 848 580 γάρ
872 511 1035 578 Λόγος
1055 508 1183 561 Θεοῦ
1212 513 1460 578 τυγχάνει
1483 511 1722 578 ἐνεργὴς,
1744 528 1762 558 ι

1878 510 1992 561 lium
2016 510 2132 578 ejus
2164 511 2362 566 vivunt.
2395 511 2457 565 Et
2471 517 2712 581 quoniam
2745 537 2763 569 ι
2787 534 2893 572 non
2909 523 3047 572 venit
3069 518 3256 572 nismo
3273 532 3388 586 per-

186 594 335 649 εστι
381 615 402 648 ι
437 599 534 650 καὶ
559 598 861 669 τομώτερος
879 601 1014 668 ὑπὲρ
1048 601 1220 651 πᾶσαν
1245 598 1509 669 μάχαιραν
1532 597 1772 667 δίστομον

187 683 598 755 διικνούμενος
630 687 759 757 ἄχρι
786 686 1048 757 μερισμοῦ
1078 687 1252 755 ψυχῆς
1277 687 1370 738 καὶ
1399 685 1720 754 πνεύματος,
1746 704 1763 736 ι

183 773 278 836 ὼς
314 777 351 827 ὀ
386 775 670 838 θεσπέσιος
683 775 912 841 ἐδίδαξεν
929 776 1258 839 Ἀπόστολος.
1276 774 1622 842 Εὑλογώτατα
1644 776 1686 828 δ’
1711 775 1774 828 ἂν

185 865 376 935 αὐτῷ
406 867 554 936 μόνῳ
584 867 796 936 λεχθείη
835 868 1055 936 ὑπηκόῳ
1083 868 1348 936 γενομένῳ
1375 867 1448 935 τῷ
1477 867 1645 936 [Ιατρλ⁵
1682 867 1774 936 μέ-

184 969 301 1024 χρι
339 957 444 1008 καὶ
469 956 692 1008 θανάτου
717 957 795 1008 τό’
839 974 855 1006 ι
876 957 1063 1018 Δοῦλός
1094 973 1190 1026 μου
1231 951 1278 1008 εἷ
1303 957 1387 1018 σὺ,
1415 955 1653 1024 Ἰσραὴλ,
1685 954 1776 1007 καὶ

185 1046 260 1096 ἐν
327 1046 421 1097 σοί
473 1045 953 1115 ἐνδοξασθήσομαι⁹
1005 1065 1022 1096 ι
1052 1045 1110 1097 τὸ
1141 1045 1226 1097 δέ·
1266 1063 1284 1095 ι
1317 1046 1424 1098 Καὶ
1455 1044 1562 1112 ἐγὼ
1613 1041 1772 1096 εἶπαο

185 1135 417 1198 Κενῶς
451 1136 716 1189 ἐκοπίασα
736 1175 751 1199 ,
785 1156 803 1188 ι
839 1139 928 1189 καὶ
957 1138 1024 1191 τὰ
1053 1137 1197 1206 ἑξῆς,
1236 1136 1427 1204 λέγοιτ’
1467 1136 1532 1188 ἃν
1556 1135 1659 1187 ὑπὸ
1682 1135 1774 1187 τοῦ

188 1224 485 1295 Σωτῆρος
533 1226 618 1278 διὰ
658 1227 716 1278 τὸ
761 1228 979 1280 σπάνιον
1019 1228 1126 1278 τῶν
1169 1226 1311 1279 κατὰ
1359 1227 1419 1278 τὸ
1457 1225 1777 1292 Εὐαγγέλιον

187 1313 394 1364 αὑτοῦ
434 1313 710 1382 βιούντων.
746 1315 854 1367 Καὶ
898 1315 1197 1387 ἐπειδήπερ
1227 1318 1366 1368 «οὐκ
1418 1310 1577 1384 ἦλθεν
1624 1315 1670 1365 εἰ
1703 1315 1774 1384 μὴ

186 1404 286 1464 εἰς
323 1403 403 1454 τά
438 1402 685 1472 πρόϐατα
709 1403 776 1456 τὰ
801 1402 1108 1457 ἀπολωλότα
1135 1403 1280 1456 οἴκου
1313 1402 1538 1472 Ἰσραὴλ,
1563 1421 1580 1454 ι
1603 1402 1776 1464 καλῶς

185 1491 657 1562 προηγουμένως
705 1493 800 1562 μὲν
858 1492 1068 1559 λέγεται
1124 1491 1560 1560 ἐπιδεδημηκέναι
1584 1531 1597 1553 ,
1638 1510 1656 1540 ι
1685 1490 1774 1542 τοῦ

189 1580 428 1649 στῆσαι
461 1581 561 1643 τὰς
607 1581 773 1648 φυλὰς
822 1581 1040 1643 Ἰακὼϐ,
1091 1581 1182 1634 καὶ
1220 1582 1316 1650 τὴν
1363 1579 1652 1651 διασπορὰν
1684 1578 1774 1631 τοῦ

201 1671 463 1741 Ἰσραὴλ
493 1671 845 1741 ἐπιστρέψαιο
873 1690 890 1722 ι
924 1671 1195 1739 ἑπομένως
1223 1671 1299 1734 δὲ,
1325 1669 1411 1721 διὰ
1428 1669 1486 1721 τὸ
1510 1670 1582 1740 μὴ
1609 1687 1778 1738 παραυ

186 1757 485 1824 δέξασθαι
517 1759 675 1810 αὐτὸν
722 1760 843 1821 τοὺς
875 1758 930 1821 ἐξ
966 1759 1180 1811 ἐκείνων
1219 1758 1440 1820 πάντας,
1469 1759 1777 1827 ἐπιφέρεται

1877 599 2013 653 ditas
2051 615 2176 654 oves
2217 599 2406 654 domus
2437 601 2616 664 Israel,
2657 624 2675 655 ι
2714 615 2852 661 recte
2874 615 3190 660 memoratur
3209 607 3390 676 praeci-

1875 701 1974 752 pue
2027 687 2080 738 in
2123 687 2377 740 mundum
2434 689 2642 744 venisse
2675 710 2690 740 ι
2734 693 2798 744 ad
2856 694 3193 748 suscitandas
3225 693 3391 746 tribus

1873 776 2037 844 Jacob
2068 785 2121 832 et
2171 778 2325 832 faeces
2370 779 2527 835 Israel
2573 784 2972 838 convertendas.
3021 804 3049 834 ι.
3074 784 3200 838 Dein
3229 823 3244 847 ,
3269 799 3390 837 cum

1879 867 2018 918 inter
2045 867 2178 922 istos
2227 883 2412 922 omnes
2463 884 2566 920 non
2617 884 2737 923 eum
2793 874 3138 942 accepissent,
3180 871 3392 940 subjicit

1877 957 2028 1024 quasi
2061 956 2123 1007 ad
2156 956 2387 1025 seipsum
2417 976 2430 1010 :
2471 974 2488 1006 ι
2535 957 2669 1012 Ecce
2697 958 2816 1012 dedi
2870 967 2919 1012 te
2961 961 3012 1012 in
3065 961 3233 1014 lucem
3267 974 3392 1029 gen-

1877 1046 2030 1106 tium,
2057 1053 2111 1098 ut
2145 1047 2220 1100 sis
2248 1048 2393 1101 salus
2428 1060 2541 1100 mea
2571 1061 2735 1115 usque
2766 1047 2831 1101 ad
2861 1055 3151 1102 extremum
3186 1059 3387 1103 ter-te.»

1878 1135 2034 1190 lubet
2064 1152 2159 1192 nos
2193 1145 2312 1206 post
2333 1140 2443 1193 haec
2477 1138 2734 1193 Dominus
2771 1138 2910 1193 Deus
2933 1149 2984 1193 et
3013 1138 3186 1203 Pater,
3212 1141 3303 1210 qui
3325 1141 3394 1192 li-

1878 1224 2076 1277 beravit
2108 1241 2228 1279 eum
2253 1227 2320 1279 ab
2353 1229 2601 1282 omnibus
2634 1230 2681 1282 ei
2711 1228 3136 1290 adversantibus,
3166 1229 3392 1282 sanctiﬁ-

1876 1327 1997 1366 care
2048 1329 2190 1376 eum,
2243 1313 2464 1369 dicens:
2501 1334 2517 1365 ι
2558 1315 2896 1370 Sanctiﬁcate
2938 1318 3027 1385 qui
3079 1317 3223 1384 parvi
3273 1314 3395 1369 fecit

1881 1403 2109 1456 animam
2137 1419 2306 1459 suam.
2341 1424 2358 1456 ι
2395 1404 2490 1459 llic
2519 1405 2660 1460 enim
2715 1420 2871 1474 quam
2932 1407 3206 1459 verissime
3250 1405 3394 1474 parvi

1878 1492 2027 1544 duxit
2074 1495 2304 1547 animam
2358 1510 2530 1557 suam,
2565 1513 2580 1544 ι
2615 1497 2927 1550 exinanieus
2964 1497 3398 1564 semetipsum,et

1874 1582 2059 1636 .l'aitus
2105 1598 2201 1652 pro
2250 1583 2405 1637 nobis
2460 1583 2831 1648 maledictum;
2863 1593 2913 1637 et
2963 1591 3178 1651 peccata
3217 1591 3398 1638 nostra

1879 1672 2186 1740 suscipiens
2219 1672 2520 1726 humiliavit
2567 1673 2908 1742 semetipsum
2957 1689 3123 1740 usque
3166 1673 3231 1726 ad
3258 1689 3400 1727 rnor-

1878 1773 2022 1822 tem.
2061 1772 2278 1816 mortem
2345 1773 2520 1817 autem
2581 1763 2756 1818 crucis
2797 1764 2835 1814 ‘.
2875 1782 2892 1814 ι
2953 1762 3109 1816 Addit
3175 1762 3396 1830 deinde,

186 1848 282 1911 ὡς
311 1847 468 1918 πρὸς
495 1848 672 1900 αὐτόν’
707 1865 724 1896 ι
772 1847 895 1899 Ἰδοὺ
921 1847 1131 1900 τέθεικά
1161 1864 1218 1898 σε
1246 1849 1322 1909 εἰς
1342 1846 1452 1914 φῶς
1475 1845 1657 1908 ἐθνῶν,
1678 1844 1768 1896 τοῦ

1878 1870 1890 1901 ι
1939 1867 2095 1919 quem
2131 1852 2512 1904 abominantur
2537 1858 2738 1921 gentes,
2772 1853 2909 1906 servi
2937 1852 3337 1906 dominantium.
3376 1872 3393 1903 ι

188 1935 364 1992 εἷναί
401 1955 464 1991 σε
497 1941 576 1999 είς
603 1937 868 2006 σωτηρίαν
899 1937 1000 1999 ἐως
1037 1937 1258 2006 ἐσχάτου
1289 1936 1387 2004 τῆς
1413 1936 1528 2004 γῆς.
1553 1954 1570 1986 ι
1603 1936 1771 2004 Προσ-

186 2031 412 2083 τάττει
441 2030 498 2081 δέ
525 2031 654 2099 ἡμῖν
687 2027 817 2097 μετὰ
848 2027 1013 2081 ταῦτα
1035 2028 1232 2097 Κύριος
1249 2028 1277 2078 ὁ
1301 2027 1427 2088 Θεὸς
1449 2027 1538 2077 καὶ
1566 2024 1768 2094 Πατὴρ,

184 2120 221 2172 ὁ
263 2118 597 2188 ῥυσάμενος
628 2116 786 2169 αὐτὸν
815 2117 918 2168 ἀπὸ
947 2117 1156 2168 πάντων
1186 2114 1291 2167 τῶν
1318 2113 1770 2183 ἐπισυναχθέντων

185 2209 336 2262 κατ’
387 2207 579 2270 αὑτοῦ,
617 2207 852 2274 άγιόιζειν
879 2206 1058 2268 αὐτὸν,
1089 2204 1256 2272 λέγων
1278 2222 1290 2233 ·
1314 2222 1332 2253 ι
1371 2203 1652 2270 Ἀγιάσατε
1682 2203 1772 2254 τὸν

185 2298 558 2365 φαυλίζοντα
585 2299 682 2368 τὴν
722 2298 892 2368 ψυχὴν
922 2297 1080 2351 αὐτοῦ
1106 2314 1118 2329 ο
1148 2293 1295 2360 οὗτος
1325 2297 1430 2367 γάρ
1455 2297 1527 2360 ώς
1565 2296 1772 2367 ἀληθῶς

181 2387 490 2455 ὲφιιύλισε
516 2388 610 2457 τὴν
646 2389 817 2458 ψυχὴν
860 2386 1068 2451 ἐαυτοῦ,
1109 2404 1127 2437 ι
1155 2387 1389 2450 κενώσας
1420 2386 1606 2438 ἐαυτὸν
1626 2425 1640 2448 ,
1680 2387 1772 2437 καὶ

180 2478 519 2546 γενόμενος
544 2478 681 2548 ὑπὲρ
711 2477 862 2546 ἡμῶν
886 2477 1121 2547 κατάραο
1148 2477 1240 2530 καὶ
1261 2477 1356 2539 τάς
1383 2476 1646 2546 ἁμαρτίας
1675 2475 1772 2537 τὰς

180 2567 506 2638 ἡμετέρας
548 2568 846 2629 ἀναλαϐὼν,
873 2567 1125 2636 αἰσχύνης
1152 2583 1213 2634 γε
1248 2567 1402 2637 μέχρι
1429 2565 1652 2618 θανάτου
1680 2564 1771 2616 καὶ
1800 2617 1803 2620 .

181 2659 467 2711 θανάτου
501 2656 729 2728 σταυροῦ
759 2659 1182 2728 καταφρονήσας.
1211 2676 1230 2708 ι
1272 2657 1420 2710 Μετὰ
1443 2655 1614 2709 ταῦτά
1640 2671 1768 2723 φησι

177 2745 298 2800 ’τὸν
342 2765 366 2797 ι
397 2745 814 2816 βδελυσσόμενον
857 2747 959 2799 ὑπὸ
988 2747 1094 2799 τῶν
1121 2746 1285 2800 ἐθνῶν
1313 2745 1416 2798 τῶν
1439 2745 1632 2796 δούλων
1669 2742 1772 2794 τῶν

179 2837 508 2909 ἀρχόντων
527 2854 574 2888 ἰ
610 2839 701 2890 καὶ
727 2837 789 2907 δὴ
819 2837 982 2906 σαφὲς
1016 2838 1157 2899 ὅπως
1201 2838 1248 2888 οἱ
1276 2837 1386 2898 τοῖς
1428 2834 1648 2905 ἄρχουσι
1680 2830 1773 2883 τοῦ

177 2927 428 2988 αἰῶνος
456 2925 640 2978 τούτου
666 2925 1038 2996 δεδουλωμένοι
1065 2926 1122 2978 οὐ
1153 2926 1308 2995 μόνον
1335 2925 1395 2993 (f.
1415 2925 1500 2994 55)
1527 2923 1660 2976 κατὰ
1685 2921 1774 2973 τὸν

1878 1938 2220 1994 Manifestum
2244 1941 2437 2008 quippe
2463 1941 2706 2008 estquod
2737 1940 2894 2007 hujus
2927 1941 3103 1994 saeculi
3150 1939 3401 2008 principio

1878 2028 1977 2080 bus
2011 2028 2325 2089 servientes,
2361 2044 2466 2080 non
2500 2037 2700 2082 tantum
2740 2029 2793 2080 in
2829 2029 3092 2096 passionis
3125 2028 3241 2096 ejus
3268 2037 3402 2082 tem-

1879 2131 2006 2184 pore
2039 2117 2425 2170 maledixerunt
2474 2117 2522 2171 ei
2568 2118 2835 2172 dicentes:
2877 2136 2894 2168 ι
2931 2116 3118 2172 Gravis
3136 2127 3216 2172 est
3249 2117 3401 2173 nobis

1876 2206 2034 2260 etiam
2087 2205 2152 2258 ad
2209 2204 2494 2260 videndum
2519 2208 2561 2269 ¹,
2593 2225 2610 2256 ι
2645 2205 2737 2260 sed
2775 2213 2827 2260 et
2873 2221 3014 2260 nunc
3058 2207 3400 2269 maledicunt.

1877 2293 1996 2360 ejus
2026 2292 2285 2346 doctrina:
2312 2292 2578 2346 obsistere
2617 2300 2892 2346 conantes.
2925 2290 3076 2345 Hunc
3119 2291 3278 2360 igitur
3297 2289 3400 2344 Don

1875 2381 2052 2434 minus
2105 2380 2443 2434 sanctiﬁcare
2491 2380 2662 2448 jubet,
2695 2381 3140 2450 praeclaramejus
3169 2395 3401 2449 praesen-

1876 2471 2000 2522 tiam
2032 2470 2416 2537 praenuntians.
2459 2470 2610 2534 Quod
2648 2480 2824 2524 autem
2863 2470 2928 2524 de
2975 2471 3208 2539 gentium
3243 2484 3400 2523 voea~

1876 2559 2019 2613 tione
2044 2560 2422 2628 proplietizaus
2461 2575 2636 2614 sermo
2692 2561 2896 2630 reliqua
2949 2559 3151 2629 profert
3177 2560 3402 2629 pmphe-

1875 2649 1979 2711 tiae,
2028 2648 2094 2700 ab
2126 2648 2208 2700 bis
2235 2647 2411 2702 verbis
2437 2665 2464 2701 :.
2490 2667 2508 2698 ι
2553 2647 2681 2703 Dedi
2707 2657 2758 2702 te
2793 2649 2848 2702 in
2879 2647 3052 2703 fmdus
3085 2649 3338 2716 gentium,
3377 2665 3396 2698 ι

1877 2746 1927 2792 et
1957 2753 2074 2806 qua:
2096 2749 2412 2806 sequuntur,
2445 2753 2563 2806 qua:
2597 2737 2812 2806 quidem
2851 2736 3026 2793 fusius
3059 2737 3400 2808 investigare,

1878 2843 1998 2881 cum
2040 2827 2210 2896 magis
2252 2827 2607 2895 spiritualiter-
2631 2835 2685 2880 et
2710 2825 2862 2895 juxta
2903 2828 3070 2882 solam
3107 2827 3406 2896 intelligen-

1880 2918 2006 2971 tiam
2036 2917 2175 2971 dicta
2207 2917 2336 2979 sint,
2359 2931 2466 2971 non
2491 2917 2770 2987 praesentis
2787 2917 2966 2986 operis
2993 2924 3096 2972 est.

180 3021 423 3090 καιρὸν
450 3018 542 3070 τοῦ
585 3019 782 3082 πάθους
805 3020 964 3073 αύτοῦ
997 3019 1337 3082 ἐϐδελύξαντο
1373 3020 1529 3071 αὐτὸν
1566 3017 1822 3078 εἰπόντεςο
1863 3032 1880 3064 ι
1904 3013 2014 3065 Καὶ
2047 3011 2210 3081 βαρὺς
2235 3014 2362 3081 ἡμῖν
2387 3013 2498 3064 ἐστι
2530 3013 2620 3065 καὶ
2651 3011 2988 3082 βλεπόμενος,
3020 3034 3038 3064 ι
3071 3011 3180 3066 ἀλλ’
3209 3012 3286 3064 ἐτι
3317 3014 3407 3066 καὶ

179 3113 302 3166 νῦν
352 3109 752 3180 βδελύσσονται,
782 3112 1094 3180 ἀνατρέπειν
1122 3111 1278 3163 αὑτοῦ
1323 3111 1419 3180 τὴν
1450 3110 1786 3162 διδασκαλίαν
1808 3104 2147 3176 πειρώμενοι.
2177 3105 2371 3158 Τοῦτον
2397 3102 2487 3159 οὖν
2515 3106 2542 3156 ὁ
2572 3105 2770 3172 Κύριος
2803 3106 3041 3173 ἁγιάζειν
3069 3109 3405 3177 προστάττει,

175 3209 308 3274 τὴν
341 3200 563 3262 ἔνδοξον
591 3202 750 3254 αὑτοῦ
783 3203 1071 3273 παρουσίαν
1104 3203 1632 3274 προσημαίνων.’“’οτι
1655 3202 1710 3253 δέ
1739 3199 1862 3268 περὶ⁸
1885 3199 1979 3266 τῆς
1999 3197 2055 3261 ἐξ
2083 3196 2248 3248 ἐθνῶν
2279 3198 2514 3266 κλήσεως
2537 3197 2905 3261 προθεσπίζων
2927 3201 2960 3251 ’ὁ
2979 3201 3130 3267 λόγος
3160 3203 3256 3268 τὴν
3284 3200 3406 3268 ἑξῆς

175 3291 488 3360 ἐπιφέρει
515 3291 858 3362 προφητείαν,
886 3293 980 3363 τὴν
1003 3295 1106 3346 ἀπὸ
1133 3293 1243 3346 τοῦ⁹
1276 3312 1294 3343 ι
1327 3291 1536 3345 Ἐδωκά
1565 3308 1623 3343 σε
1653 3293 1730 3352 εἰς
1747 3289 2003 3356 διαθήκην
2034 3285 2219 3346 ἐθνῶν,
2250 3305 2268 3336 ι
2294 3289 2386 3338 καὶ
2404 3287 2468 3338 τὰ
2495 3288 2636 3358 ἐξῆς,
2659 3291 2797 3360 ἅπερ
2821 3287 3088 3341 ἐπιπλεῖον
3111 3288 3420 3357 βασανίζειηλ

174 3383 721 3456 πνευματικώτερα
741 3385 884 3449 ὄντα,
908 3399 998 3439 και
1024 3388 1158 3440 κατὰ
1191 3388 1351 3457 μόνην
1377 3387 1606 3440 διάνοιαν
1630 3381 2001 3451 ἀποδιδόμενα,
2035 3380 2095 3432 οὐ
2126 3381 2224 3452 τῆς
2251 3381 2523 3450 παρούσης
2555 3384 2922 3452 πραγματείας
2954 3383 3222 3450 τυγχάνει.

747 3500 1128 3552 ΚΕΦΑΛΑΙΟΝ
1152 3502 1269 3554 KE'.

283 3609 309 3642 σ
361 3586 555 3649 οὕτως
584 3586 724 3656 λέγει
755 3589 951 3659 Κύριος
975 3608 986 3620 ·
1023 3591 1174 3642 Ποῖον
1200 3591 1354 3643 τοῦτο
1381 3591 1440 3642 τὸ
1463 3591 1658 3660 βιϐλίον
1684 3588 1774 3640 τοῦ

181 3675 566 3736 ἀποστασίου
589 3677 683 3745 τῆς
704 3679 901 3747 μητρὸς
925 3679 1092 3748 ὑμῶν,
1122 3674 1165 3746 ᾧ
1198 3680 1540 3744 ἐξαπέστειλα
1569 3681 1734 3746 αὐτὴν
1760 3695 1774 3741 ;

182 3773 226 3840 ἢ
270 3768 408 3822 τίνι
439 3765 686 3835 ύπόχρεῳ
709 3768 957 3836 πέπρακα
983 3770 1153 3838 ύμᾶςς
1198 3770 1323 3823 Ἰδοὺ
1350 3774 1463 3832 ταῖς
1492 3772 1778 3840 ἁμαρτίαις

187 3865 226 3914 ὑ
236 3857 390 3931 μῶν
425 3853 716 3924 ἐπράθητε,
752 3857 841 3908 καὶ
863 3861 976 3919 ταῖς
999 3859 1239 3928 ἁνομίαις
1267 3859 1412 3928 ὑμῶν
1437 3858 1779 3922 ἐξαπέστειλα

186 3953 316 4021 τὴν
363 3944 578 4016 μητέρα
599 3946 772 4014 ὑμῶν·
807 3946 936 3998 διότι
960 3944 1137 4016 ἦλθον,
1160 3951 1251 4001 καὶ
1284 3951 1379 4001 οὐκ
1410 3946 1474 4019 ἦν
1504 3949 1779 4020 ἄνθρωπος

187 4041 226 4090 ὁ
264 4029 583 4087 ὑπακούων
606 4044 620 4058 ⁸
660 4031 732 4100 μὴ
759 4033 858 4084 οὐκ
884 4034 1049 4102 ἰσχύει
1075 4037 1106 4105 ἠ
1133 4037 1249 4106 χείρ
1269 4054 1364 4106 μου
1379 4037 1469 4090 τοῦ
1489 4037 1776 4107 ρύσασθαι;

190 4129 233 4198 ἢ
286 4124 408 4176 οὐκ
439 4119 608 4188 ἰσχύει
669 4121 758 4172 τοῦ
815 4122 1082 4186 ἐξελέσθαι
1109 4141 1122 4186 ;
1177 4125 1302 4177 Ἰδοὺ
1332 4125 1408 4195 τῷ
1438 4126 1647 4196 ἐλεγμῷ
1679 4145 1777 4196 μου

191 4207 570 4284 ἑξερημώσω
599 4210 694 4278 τὴν
732 4209 1014 4275 θάλασσαν,
1050 4214 1140 4265 καὶ
1194 4213 1337 4283 θήσω
1369 4217 1636 4284 ποταμοὺς
1665 4218 1782 4286 ἐρή-

194 4319 392 4376 μους,
451 4299 544 4350 καὶ
587 4297 998 4368 ξηρανθήσονται
1051 4303 1097 4354 oi
1137 4301 1310 4370 ἰχθύες
1363 4304 1538 4356 αὐτῶν
1567 4305 1670 4358 άπὸ
1688 4305 1778 4357 τοῦ

196 4394 291 4464 μὴ
331 4385 483 4442 εἶναι
513 4386 675 4456 ὕδωρ,
727 4390 818 4440 καὶ
844 4389 1228 4443 ἀποθανοῦνται
1270 4395 1326 4445 ἐν
1357 4393 1515 4462 δίψει.
1558 4395 1781 4446 Ἐνδύσω

193 4483 308 4535 τὸν
339 4476 577 4546 οὐρανὸν
611 4475 813 4539 σκότος,
849 4479 938 4529 καὶ
973 4479 1045 4540 ὡς
1077 4481 1271 4533 σάκκον
1302 4482 1446 4551 θήσω
1476 4483 1535 4535 τὸ
1570 4485 1784 4554 περιϐό-

192 4571 382 4622 λαιον
419 4563 605 4614 αὐτοῦ.
638 4562 832 4632 Κύριος
864 4563 1061 4632 Κύριος
1090 4565 1263 4618 δίδωσί
1296 4585 1380 4638 μοι
1405 4568 1644 4635 γλῶσσαν
1666 4587 1783 4623 παι-

192 4658 401 4717 δείας,
444 4653 538 4704 τοῦ
570 4652 767 4720 γνῶναι
791 4652 944 4721 ἡνίκα
975 4654 1053 4705 δεῖ
1091 4656 1260 4709 εἰπεῖν
1301 4658 1481 4726 λόγον’
1515 4660 1670 4729 ἔθηκέ
1695 4678 1782 4730 μοι

198 4745 398 4818 πρωϊ,
426 4741 571 4812 πρωῒ
609 4741 902 4812 προσέθηκέ
951 4759 1036 4806 μοι
1058 4743 1211 4796 ὠτίον
1227 4747 1458 4810 ἀκούειν,
1479 4751 1568 4802 καὶ
1597 4751 1628 4818 ἡ
1661 4768 1782 4802 παι-

195 4839 338 4891 δεία.
371 4833 577 4901 Κυρίου
601 4831 798 4898 άνοίγει
829 4849 926 4900 μου
954 4833 1021 4884 τά
1045 4827 1171 4884 ὦτα.
1211 4834 1418 4901 Ἐγὼδέ
1447 4838 1543 4890 ούκ
1575 4838 1778 4891 ἀπειθῶ
1810 4824 1851 4876 D

198 4923 348 4978 οὐδὲ
395 4917 659 4984 ἀντιλέγω
682 4933 695 4947 ο
727 4918 815 4969 τὸν
865 4919 1024 4970 νῶτόν
1069 4937 1165 4988 μου
1195 4920 1361 4974 ἔδωκα
1394 4925 1469 4985 εἰς
1501 4925 1780 4992 μάστιγας,

197 5014 321 5073 τὰς
387 5008 449 5060 δὲ
487 5007 735 5073 σιαγόνας
776 5023 874 5076 μου
908 5009 983 5069 εἰς
1015 5009 1347 5078 ῥαπίσματα,
1401 5012 1459 5062 τὸ
1513 5013 1568 5064 δὲ
1614 5016 1779 5086 πρόσφ

198 5101 380 5155 ωπον
403 5113 506 5166 μου
527 5095 625 5147 οὐκ
641 5095 948 5167 ἀπέστρεψα
974 5098 1078 5148 ἀπὸ
1093 5100 1344 5168 αἰσχύνης
1365 5103 1388 5151 ἐ
1397 5104 1774 5172 μπτυσμάτων⁵

199 5192 316 5247 καὶ
359 5186 566 5255 Κύριος
621 5184 818 5255 Κύριος
847 5186 1030 5255 βοηθός
1078 5204 1175 5255 μου
1205 5189 1424 5260 ἐγενήθη
1454 5208 1466 5220 ·
1511 5191 1596 5244 διὰ
1626 5193 1782 5245 τοῦτο

200 5279 322 5331 οὐκ
353 5271 680 5340 ἐνετράπην,
714 5271 823 5323 ἀλλ’
857 5271 1022 5340 ἔθηκα
1052 5273 1111 5323 τὸ
1137 5276 1417 5343 πρόσωπόν
1447 5295 1544 5346 μου
1567 5277 1640 5340 ὡς
1671 5280 1775 5330 ἐτέο

206 5382 326 5437 ραν
350 5360 621 5428 (στερεὰν)
641 5361 866 5430 πέτραν⁹
898 5361 988 5412 καὶ
1008 5359 1287 5425 ἕγνων,ὃτι
1303 5366 1362 5416 ού
1388 5365 1461 5434 μὴ
1485 5366 1769 5434 αίσχυνθῶ,

198 5459 301 5510 ὅτι
343 5447 556 5517 ἐγγίζει
581 5466 667 5516 μοι
690 5453 716 5502 ὁ
742 5450 1025 5510 δικαιώσας
1053 5468 1116 5518 με
1137 5469 1149 5481 ·
1177 5455 1259 5516 τίς
1280 5457 1306 5506 ὁ
1332 5458 1634 5526 κρινόμενός
1661 5475 1767 5526 μοι;

199 5539 656 5613 ιγγωάτωλδοὺ
681 5539 870 5606 Κύριος
897 5539 1089 5606 Κύριος
1123 5541 1308 5610 βοηθεῖ
1343 5561 1445 5613 μοι’
1483 5547 1562 5610 τίς
1594 5547 1771 5598 κακώ-

295 5696 318 5730 ί
356 5692 478 5746 Gal.
513 5706 594 5754 tu,
631 5691 726 5755 l5;
761 5689 913 5744 Hebr.
949 5705 1039 5753 xu,
1071 5689 1136 5754 Et;
1212 5693 1350 5749 Phil.
1380 5715 1435 5761 ιι,
1464 5699 1510 5750 8.

2419 3495 2640 3550 CAPUT
2675 3497 2837 3552 XXV.

1957 3604 1974 3636 ι
2017 3585 2104 3640 Sic
2131 3585 2260 3640 dicit
2287 3585 2542 3639 Dominus
2576 3604 2590 3640 :
2626 3585 2810 3650 Qualis
2830 3595 2910 3640 est
2931 3585 3016 3637 hic
3046 3584 3178 3636 liber
3200 3581 3406 3651 repudii

1879 3681 2070 3738 matris
2116 3685 2327 3739 vestrae,
2355 3692 2462 3746 quo
2507 3676 2688 3730 dimisi
2735 3676 2892 3728 eam?
2922 3677 3024 3727 Aut
3065 3673 3152 3725 cui
3181 3672 3404 3726 debitori

1877 3769 2262 3834 vendidivosﬁ?
2284 3764 2422 3819 Ecce
2441 3766 2674 3834 peccatis
2702 3765 2894 3818 vestris
2926 3760 3124 3816 venditi
3161 3759 3311 3823 estis,
3352 3768 3406 3812 ct

1881 3857 2254 3930 iniquitatibus
2279 3855 2475 3910 ves‘tris
2508 3855 2662 3909 emisi
2706 3862 2929 3907 matrem
2973 3861 3199 3905 vestram
3235 3864 3407 3918 :quo-

1876 3951 2020 4004 niam
2052 3948 2191 4010 veni,
2217 3955 2266 4001 et
2293 3960 2398 3998 non
2426 3951 2540 4000 erat
2573 3944 2734 3997 homo
2764 3944 2853 4012 qui
2886 3943 3112 3996 audiret.
3156 3939 3406 4008 Nunquid
3509 4013 3516 4018 ὁ

1881 4055 1987 4092 non
2013 4045 2190 4108 potest
2242 4049 2435 4089 manus
2465 4049 2580 4089 mea
2606 4035 2871 4088 liberare?
2901 4042 2991 4086 aut
3017 4031 3256 4100 nunquid
3299 4043 3406 4082 non

1881 4143 2098 4199 possum
2135 4126 2378 4196 eripere?
2409 4125 2544 4179 Ecce
2571 4125 2623 4178 in
2666 4124 3029 4192 increpatione
3078 4137 3195 4176 mea
3224 4121 3422 4174 desera

1881 4229 1992 4273 tum
2022 4219 2212 4272 faciam
2239 4232 2383 4270 mare
2416 4231 2642 4285 :ponam
2666 4215 2881 4268 ﬂumina
2908 4215 2964 4269 in
3006 4213 3205 4267 siccum
3226 4229 3242 4279 ;
3264 4225 3410 4265 com-

1881 4315 2188 4378 putrescent
2240 4307 2416 4375 pisces
2448 4305 2563 4360 sine
2609 4318 2769 4373 aqua,
2796 4309 2849 4357 et
2885 4302 3179 4355 morientur
3203 4300 3259 4354 in
3297 4299 3386 4353 sibi

1879 4398 2100 4452 lnduam
2124 4396 2288 4452 eteius
2327 4395 2575 4456 tenebris,
2593 4402 2644 4447 et
2673 4407 2884 4448 saccum
2905 4406 3094 4460 ponam
3112 4389 3413 4456 operimen-

1881 4497 1990 4541 tum
2019 4501 2223 4541 eorum.
2255 4484 2512 4538 Dominus
2543 4481 2797 4536 Dominus
2839 4481 2983 4535 dedit
3016 4480 3144 4532 mihi
3179 4479 3432 4546 linguam.

1881 4577 2229 4638 eruditam,ut
2246 4575 2408 4630 sciam
2426 4589 2701 4643 usquequo
2721 4579 2961 4642 Oporteat
2977 4569 3156 4624 dicere
3170 4569 3408 4624 verbum.

1883 4667 2048 4733 Erigit
2077 4662 2249 4728 inane,
2283 4681 2437 4719 mane
2480 4665 2638 4732 erigit
2685 4663 2812 4715 mihi
2861 4674 3066 4722 aurem,
3109 4667 3168 4711 ut
3200 4657 3409 4710 audiam

1884 4756 2038 4824 quasi
2073 4757 2408 4823 magistrum.
2450 4753 2708 4806 Dominus
2743 4751 2881 4804 Deus
2910 4747 3122 4815 aperuit
3155 4747 3284 4800 mihi
3318 4761 3412 4798 au-

1882 4857 1989 4895 rem
2012 4859 2026 4905 ;
2049 4857 2146 4910 ego
2176 4849 2350 4893 autem
2386 4855 2490 4892 non
2510 4849 2791 4891 contumax
2823 4849 2959 4894 sum,
2991 4848 3168 4900 neque
3200 4844 3412 4887 contra-

1880 4932 2046 4983 dico:
2091 4938 2294 4997 tergum
2329 4944 2502 4981 meum
2552 4927 2672 4980 dedi
2710 4925 2762 4979 in
2805 4923 3033 4992 ﬂagella,
3070 4933 3128 4973 et
3172 4922 3418 4976 maxillas

1880 5033 2025 5070 meas
2046 5018 2096 5069 in
2121 5018 2331 5084 alapas;
2359 5016 2540 5068 faciem
2569 5029 2693 5067 vero
2719 5026 2888 5066 meam
2913 5023 3019 5062 non
3045 5009 3220 5060 averti
3248 5023 3276 5059 a
3297 5023 3421 5075 pro-

1880 5109 1974 5160 bro
1997 5115 2294 5174 sputorum.
2321 5104 2576 5158 Dominus
2599 5105 2735 5158 Deus
2762 5099 3054 5156 auxiliator
3076 5111 3235 5149 meus
3253 5096 3428 5150 factus

1878 5201 1987 5247 est:
2006 5193 2124 5246 ideo
2140 5208 2244 5246 non
2261 5207 2376 5246 sum
2406 5191 2664 5246 confusus
2681 5210 2694 5257 ;
2721 5191 2844 5244 ideo
2863 5185 3019 5255 posui
3034 5183 3237 5236 faciem
3259 5196 3434 5236 meam

1877 5290 1934 5334 ut
1966 5289 2164 5349 petram
2193 5281 2557 5346 durissimam,
2581 5291 2632 5334 et
2648 5281 2762 5336 scio
2787 5275 3051 5346 quoniam
3073 5285 3190 5323 non
3219 5269 3442 5322 coniun-

1878 5371 1992 5422 dar.
2043 5369 2199 5423 Juxta
2222 5379 2302 5424 est
2340 5371 2431 5438 qui
2479 5369 2739 5437 justiﬁeat
2781 5380 2874 5418 me
2911 5360 3076 5430 :quis
3105 5355 3451 5410 contradicet

1877 5460 2048 5512 mihi?
2080 5459 2309 5513 Accedat
2337 5459 2402 5511 ad
2427 5473 2530 5512 me.
2565 5457 2698 5512 Ecce
2726 5451 3011 5508 Dominus
3037 5447 3195 5499 Deus
3231 5441 3457 5497 auxilia-

1877 5554 1960 5601 tor
1985 5563 2134 5603 meus
2170 5569 2180 5604 :
2211 5550 2330 5618 quis
2357 5559 2437 5604 est
2464 5549 2548 5618 qui
2578 5547 2926 5604 condemnet
2956 5536 3075 5592 me?
3096 5531 3245 5586 Ecce
3281 5542 3468 5583 οῐηιιει

1597 5701 1612 5728 ⁸
1649 5699 1767 5766 Sip.
1806 5715 1862 5763 ll,
1905 5701 1982 5755 15.
2067 5718 2074 5726 ·
