3952 6412
243 392 365 447 ηιι

1220 395 1502 451 ECLOGA!
1538 396 2000 453 PROPIIETICE.
2038 426 2105 437 -
2141 395 2265 450 LIB.
2301 394 2390 450 IV.

3237 404 3373 458 12ἄὲ

241 507 367 579 λαὸς,
403 505 706 563 ὑπακούων.
764 511 838 573 Δι’
869 513 898 565 δ
929 529 1074 582 φησιο
1117 530 1134 563 ι
1171 513 1311 565 Διότι
1338 510 1516 583 ἦλθον,
1551 515 1643 567 καὶ
1663 515 1743 568 οὐ)

1857 524 1977 584 post
2011 515 2233 569 istorum
2282 514 2709 583 reprobationem
2757 519 2991 587 gentium
3039 519 3372 574 vocationem

239 591 303 665 ἦν
325 595 625 664 ἄνθρωπος’
653 599 882 654 ἐκάλεσα
908 603 999 653 καὶ
1030 603 1124 654 οὐκ
1151 598 1217 671 ἦν
1247 605 1275 654 6
1306 604 1602 657 ὑπακούων.
1638 623 1656 655 ι
1682 605 1759 657 Τά

237 685 277 738 δ’
295 685 384 738 ἐπὶ
408 684 545 737 τέλει
580 687 680 755 τῆς
712 692 1008 760 περικοπῆς
1030 692 1325 755 ἀκολούθως
1341 693 1475 762 μετὰ
1499 693 1594 764 τὴν
1626 694 1761 747 ὲκεί-

235 791 335 829 νων
362 776 625 845 ἀποϐολὴν
656 780 748 831 ἐπὶ
778 781 877 849 τὴν
909 781 966 845 ἐξ
994 780 1154 833 ἐθνῶν
1191 782 1509 852 ἀναφέρεται
1541 784 1725 853 κλῆσιν
1743 823 1757 845 ,

235 863 336 918 ἀπὸ
359 864 472 926 τοῦ,
496 883 514 915 ι
538 867 632 929 Τίς
657 870 715 920 ὲν
738 870 864 937 ὑμῖν
888 873 916 922 6
938 870 1257 940 φοϐούμενος
1276 872 1364 923 τὸν
1384 871 1612 940 Κύριον;
1667 875 1762 926 ὑπ⁴

234 954 504 1007 ακουσάτω
529 955 630 1024 τῆς
652 959 834 1025 φωνῆς
859 959 948 1011 τοῦ
975 959 1153 1022 παιδὸς
1187 960 1365 1012 αὐτοῦ.
1396 979 1414 1011 ι
1448 962 1631 1030 Ἦμεῖς
1654 962 1759 1032 γὰρ

230 1041 433 1113 άληθῶς
453 1039 592 1113 ἦμεν
619 1065 638 1097 ι
671 1048 721 1098 oi
769 1050 1112 1119 πορευόμενοι
1155 1052 1211 1101 ὲν
1246 1050 1448 1109 σκότει·
1491 1070 1508 1101 ο
1546 1053 1636 1104 καὶ
1663 1053 1758 1105 οὐκ

229 1126 292 1200 ἦν
319 1131 444 1200 ἡμῖν
477 1132 584 1201 πρὸ
608 1134 707 1200 τῆς
726 1137 1020 1205 παρουσίας
1057 1136 1147 1188 τοῦ
1181 1138 1423 1206 Σωτῆρος
1449 1138 1599 1207 ήμῶν
1622 1139 1753 1205 φῶςσ

228 1218 354 1271 ἀλλὰ
379 1218 471 1272 νῦν
501 1220 589 1272 διὰ
617 1221 716 1291 τήν
741 1222 836 1275 τοῦ
864 1222 994 1275 Θεοῦ
1022 1224 1175 1293 χάριν
1213 1223 1540 1292 πεποίθαμεν
1572 1226 1661 1277 ἐπὶ
1681 1225 1758 1293 τῷ

226 1309 436 1378 ὀνόματι
460 1310 688 1379 Κυρίου,
731 1315 828 1365 καὶ
875 1313 1328 1383 ὲπιστηριζόμεθα
1381 1317 1471 1367 ἐπὶ
1496 1314 1573 1383 τῷ
1608 1315 1750 1384 Θεῷ·

224 1400 328 1459 τοῖς
354 1397 409 1449 δὲ
435 1398 508 1468 μὴ
539 1398 891 1453 πιστεύσασιν
918 1401 997 1463 είς
1014 1401 1102 1453 τὸν
1129 1401 1376 1471 Χριστὸν,
1398 1397 1477 1462 οἷς
1500 1404 1590 1454 καὶ
1620 1403 1757 1455 ἀνω-

223 1485 357 1556 τέρω
413 1486 597 1558 εἴρητο
632 1489 711 1541 τό·
755 1510 776 1540 ‹
826 1490 950 1543 Ἰδοὺ
991 1492 1183 1553 πάντες
1224 1492 1378 1560 ὑμεῖς
1427 1491 1499 1553 ὡς
1547 1493 1754 1561 ἱμάτιον

224 1574 676 1645 παλαιωθήσεσθε,
695 1578 791 1631 καὶ
813 1578 887 1640 ὡς
910 1578 1003 1648 σὴς
1023 1579 1246 1645 φάγεται
1275 1580 1413 1649 ὑμᾶς
1435 1618 1450 1640 ,
1474 1598 1491 1627 ι
1512 1580 1754 1649 ἐπιφέρει

220 1664 413 1731 ὀλόγος
453 1665 676 1733 φάσκων
697 1684 711 1696 ·
755 1686 775 1717 ι
828 1668 955 1721 Ἰδοὺ
987 1669 1181 1731 πάντες
1207 1669 1359 1738 ὑμεῖς
1379 1670 1453 1732 ὡς
1495 1669 1604 1739 πῦρ
1635 1671 1752 1723 καί·

221 1771 322 1815 ετε,
352 1773 371 1805 i
411 1757 505 1807 καὶ
536 1756 604 1809 τά
646 1756 805 1826 ἑξῆςο
828 1759 885 1809 ὲν
916 1751 995 1819 οἷς
1033 1758 1215 1826 σαφῶς
1251 1759 1344 1810 καὶ
1387 1758 1465 1809 τό·
1498 1777 1518 1809 ι
1554 1759 1631 1810 Δι’
1652 1759 1750 1827 ἐμὲ

1859 605 2087 658 innuunt
2109 622 2123 636 ο
2160 621 2181 656 ι
2214 604 2346 670 Quis
2395 620 2459 660 ex
2492 605 2642 661 vobis
2682 608 2875 664 timens
2920 608 3246 664 Dominum?
3277 625 3345 662 au

1860 694 1972 749 diat
2020 707 2200 748 vocem
2255 693 2392 747 servi
2439 694 2541 748 sui.
2596 712 2614 745 ι
2657 693 2765 750 Nos
2805 697 2945 750 enim
2997 711 3121 751 vere
3160 711 3372 752 eramus

1861 800 1881 834 ι
1916 782 2248 836 ambulantes
2277 782 2330 835 in
2361 782 2629 848 tenebris;
2665 801 2683 833 ι
2717 799 2886 852 neque
2937 795 3052 840 erat
3096 786 3252 842 nobis
3292 788 3375 839 lu-

1857 886 1979 924 men
2008 880 2131 924 ante
2172 870 2463 924 Salvatoris
2510 871 2678 923 nostri
2728 871 3047 940 adventum;
3084 874 3177 929 sed
3227 886 3378 929 nunc

1857 959 1948 1014 Dei
1980 961 2149 1028 gratia
2195 959 2520 1013 credidimus
2568 960 2625 1012 in
2666 960 2880 1015 nomine
2907 961 3135 1026 Domini,
3160 971 3214 1017 et
3264 958 3374 1018 Deo

1855 1052 2206 1104 adhaeremus.
2258 1048 2378 1104 Istis
2409 1064 2534 1103 vero
2570 1051 2661 1118 qui
2688 1065 2795 1104 non
2824 1051 2876 1104 in
2905 1052 3171 1105 Christum
3195 1051 3371 1108 credi-

1854 1139 2066 1199 derunt,
2096 1137 2291 1206 quibus
2321 1145 2373 1191 et
2395 1135 2639 1204 superius
2660 1137 2859 1190 dictum
2887 1143 2970 1190 est
2997 1153 3011 1187 :
3039 1155 3057 1186 ι
3097 1136 3232 1193 Ecce
3258 1153 3376 1193 om-

1856 1244 1950 1281 nes
1981 1243 2072 1282 vos
2119 1228 2270 1295 quasi
2302 1228 2674 1289 vestimentum
2718 1226 3000 1299 inveterati
3021 1227 3191 1289 eritis,
3222 1236 3273 1282 et
3303 1228 3373 1281 ti-

1854 1332 1951 1370 nea
1987 1316 2228 1369 comedet
2267 1331 2381 1377 vos,
2425 1335 2443 1363 ι
2479 1315 2660 1382 adjicit
2707 1331 2881 1369 sermo
2927 1315 3112 1370 dicens
3141 1334 3155 1369 :
3185 1334 3203 1367 ι
3235 1316 3374 1370 Ecce

1853 1419 2034 1457 omnes
2068 1419 2161 1458 vos
2192 1404 2363 1473 ignem
2395 1402 2697 1467 incenditis,
2724 1425 2742 1455 ι
2779 1411 2831 1457 et
2858 1403 3078 1472 reliqua.
3101 1401 3157 1456 In
3183 1403 3374 1472 quibus

1854 1492 2133 1546 manifeste
2159 1501 2213 1547 et
2243 1493 2371 1546 illud
2391 1508 2436 1542 ε(
2463 1492 2683 1560 Propter
2716 1507 2797 1545 me
2830 1491 2966 1545 facta
2997 1491 3255 1546 sunthaec
3279 1506 3373 1545 vo-

1852 1581 1954 1641 bis,
1998 1599 2016 1631 ι
2047 1580 2112 1634 de
2151 1596 2379 1650 persona
2421 1582 2621 1637 dicitur
2650 1580 2851 1634 Christi
2900 1580 3235 1650 objurgantis
3258 1596 3374 1645 eos,

1851 1670 2330 1739 exprobrantisque
2369 1669 2563 1724 factam
2596 1673 2649 1725 in
2682 1672 2915 1740 seipsum
2949 1670 3253 1726 Iudaeorum
3280 1686 3377 1741 po-

1853 1761 1960 1829 puli
1987 1762 2499 1829 praevaricationem.

220 1843 423 1909 ἐγένετο
442 1842 614 1898 ταῦτα
642 1847 791 1915 ὑμῖν,
815 1849 914 1899 »ὲκ
938 1846 1216 1917 προσώπου
1240 1847 1479 1900 λέλεκται
1504 1847 1595 1901 τοῦ
1644 1849 1871 1918 Χριστοῦ
1931 1852 2336 1916 ὲπονειδίζοντος
2373 1853 2551 1915 αὐτοῖς
2585 1852 2676 1905 καὶ
2731 1852 3109 1921 άπελέγχοντος
3160 1851 3255 1922 τὴν
3299 1853 3379 1915 είς

218 1934 368 1986 αὐτὸν
429 1937 811 2006 γεγενημένην
873 1938 964 1990 τοῦ
1033 1938 1288 1991 Ἰουδαίων
1342 1938 1469 1992 λαοῦ
1520 1942 1870 2011 παρανομίαν.

701 2029 1088 2082 ΚΕΦΔΛΑΙΟΝ
1118 2031 1275 2098 Kcm

286 2160 303 2191 I
340 2142 477 2195 Τάδε
503 2140 649 2209 λέγει
678 2140 763 2193 Κύ
773 2158 881 2211 ριος
896 2159 910 2172 ⁸
933 2143 1009 2194 Δι’
1024 2144 1161 2212 ὑμᾶς
1176 2143 1260 2196 διὰ
1283 2146 1477 2207 παντὸς
1500 2145 1560 2197 τδ
1589 2145 1754 2214 ὄνομά

222 2247 316 2300 μου
350 2230 746 2301 βλασφημεῖται
774 2232 829 2283 ὲν
852 2234 961 2294 τοῖς
987 2231 1177 2284 ἕθνεσι’
1202 2232 1288 2286 διὰ
1315 2233 1468 2286 τοῦτο
1494 2234 1751 2301 γνώσεται

215 2323 242 2373 6
274 2320 397 2384 λαός
452 2338 550 2391 μου
604 2321 665 2373 τὸ
692 2320 860 2390 ὄνομά
890 2338 986 2390 μου
1010 2339 1022 2351 ’
1082 2322 1167 2375 διὰ
1204 2323 1355 2376 τοῦτο
1400 2325 1457 2376 ὲν
1483 2327 1546 2393 τῇ
1574 2325 1752 2395 ήμέρᾳ

217 2412 415 2482 ἐκείνῃ,
454 2414 534 2465 ὄτι
563 2411 673 2480 ἐγώ
705 2413 817 2481 εἰμι
841 2413 994 2476 αὐτὸς
1024 2415 1051 2465 6
1079 2415 1270 2478 λαλῶν,
1296 2416 1517 2487 πάρειμι
1538 2418 1611 2480 ὡς
1636 2418 1750 2489 ὥρα

216 2502 431 2553 ἐπὶτῶν
450 2501 641 2572 ὀρέων,
672 2501 749 2564 ὠς
778 2502 930 2566 πόδες
978 2504 1443 2575 εὐαγγελιζομένου
1477 2507 1640 2575 ἀκοὴν
1673 2508 1749 2558 εί-

218 2589 397 2660 ρήνης,
456 2591 531 2652 ὡς
590 2590 1059 2660 εὐαγγελιζόμενος
1108 2592 1281 2660 ἀγαθά
1308 2633 1323 2657 ,
1359 2595 1437 2646 ὅτι
1487 2595 1747 2665 ἀκουστὴν

216 2681 415 2750 ποιήσω
436 2681 535 2750 τὴν
564 2680 831 2749 σωτηρίαν
875 2696 984 2744 σου,
1018 2681 1184 2748 λέγων
1212 2697 1226 2711 ·
1263 2682 1417 2747 Σιὼν,
1449 2683 1746 2753 βασιλεύσει

217 2787 305 2822 σου
329 2771 357 2821 6
378 2770 527 2833 Θεός.
566 2788 585 2822 ι
620 2770 728 2821 Καὶ
756 2768 891 2838 αὐτη
933 2771 1024 2823 ἐπὶ
1049 2770 1137 2822 τὸν
1160 2772 1380 2843 Σωτῆρα
1415 2773 1748 2841 εὐλογώτατα

214 2860 435 2929 ἁρμόζοι
469 2862 537 2921 ἂν
578 2862 610 2929 ή
664 2861 958 2932 προφητεία
977 2901 991 2924 ,
1028 2863 1117 2914 ἐπὶ
1148 2863 1242 2933 τῆς
1273 2865 1558 2934 ἐπιδημίας
1584 2867 1743 2920 αὐτοῦ

214 2948 581 3018 πληρωθέντος
618 2949 730 3002 τοῦο
767 2970 784 3001 ι
828 2952 943 3004 Ὅτι
966 2952 1071 3019 ἐγώ
1109 2952 1170 3020 (f.
1225 2953 1310 3019 56)
1356 2955 1488 3023 είμι,
1529 2956 1684 3018 αὐτὸς
1719 2958 1747 3008 6

211 3038 380 3091 λαλῶν
403 3039 652 3109 πάρειμι.
684 3059 703 3090 ι
735 3039 822 3108 Τῷ
858 3040 954 3109 μὲν
979 3036 1067 3093 οὗν
1091 3041 1330 3112 προτέρῳ
1352 3041 1461 3111 λαῷ
1482 3045 1560 3103 είς
1585 3046 1745 3114 πρόσ-

206 3143 350 3179 ωπον
405 3126 617 3195 εἴρηται
673 3127 741 3180 τὰ
778 3129 881 3180 ἀπὸ
900 3126 1013 3179 τοῦθ
1059 3146 1077 3178 ι
1103 3132 1175 3181 Δι’
1197 3130 1337 3197 ὑμᾶς
1371 3130 1453 3183 διά
1475 3133 1667 3194 παντὸς
1687 3135 1746 3185 τὸ

202 3214 372 3284 ὄνομά
403 3230 501 3282 μου
539 3212 931 3284 βλασφημεῖται
965 3216 1020 3267 ἐν
1045 3219 1153 3279 τοῖς
1185 3217 1386 3269 ἔθνεσιο
1421 3236 1438 3268 i
1472 3219 1537 3270 τά
1572 3219 1615 3270 δ’
1643 3220 1747 3272 άπὸ

203 3306 318 3360 τοῦθ
364 3324 382 3356 ι
415 3304 509 3357 Διὰ
529 3302 687 3357 τοῦτο
716 3305 973 3373 γνώσεται
996 3307 1162 3369 ὀλαός
1179 3324 1276 3376 μου
1304 3309 1361 3360 τὸ
1385 3307 1549 3377 ὄνομά
1565 3325 1661 3378 μου
1687 3310 1743 3361 ὲν

202 3396 269 3464 τῇ
291 3392 471 3463 ἡμέρᾳ
497 3391 701 3462 ἐκείνῃ,
739 3412 757 3444 ι
786 3397 948 3447 νοοῖτο
980 3397 1043 3450 ἂν
1074 3398 1197 3468 περὶ
1236 3398 1338 3450 τῶν
1364 3401 1440 3462 είς
1465 3400 1620 3453 αὐτὸν
1650 3417 1742 3453 πε-

205 3482 568 3535 πιστευκότων
626 3482 807 3535 ἐθνῶν.
843 3484 1013 3548 Αὐτὸς
1034 3482 1122 3538 οῦν
1151 3488 1293 3540 ἐστιν
1317 3490 1344 3540 6
1372 3489 1740 3561 καὶπρότερον

208 3572 281 3641 πὴ
310 3572 406 3641 μὲν
430 3570 497 3622 δι’
529 3570 788 3637 ἀγγέλων,
820 3572 895 3641 πὴ
913 3572 966 3625 δὲ
992 3575 1081 3626 καὶ
1111 3575 1194 3627 διὰ
1222 3578 1507 3647 προφητῶν
1537 3579 1739 3647 ἀνθρώ·-

209 3678 328 3723 ποις
347 3661 637 3730 ὁμιλήσας·
670 3660 761 3712 καὶ
793 3662 970 3731 μέντοι
1003 3665 1233 3729 ἐκείνους
1263 3667 1335 3737 (.I)
1369 3663 1518 3731 αὖθις
1559 3685 1738 3738 παρα-

212 3750 516 3817 γενόμενος,
536 3749 628 3800 καὶ
643 3749 708 3801 δι’
721 3750 906 3803 ἑαυτοῦ
928 3753 1023 3821 τὴν
1045 3755 1310 3825 σωτηρίαν
1335 3759 1465 3809 πᾶσι
1480 3758 1734 3829 κηρύξας,

211 3838 386 3890 ὁποῖον
406 3835 519 3905 ἔχει
546 3833 668 3888 νοῦν
696 3838 724 3888 6
751 3837 1042 3907 φιλομαθὴς
1065 3842 1355 3912 ἐρευνήσας
1381 3843 1596 3899 εῐσεται.

700 3926 1083 3981 ΚΕΦΑΛΑΙΟΝ
1122 3932 1241 3984 KZ’.

282 4032 300 4065 ι
344 4016 452 4067 Καὶ
478 4014 807 4085 ἀποκαλύψει
844 4018 1040 4089 Κύριος
1083 4020 1171 4074 τὸν
1197 4021 1447 4093 βραχίονα
1469 4024 1556 4076 τὸν
1588 4025 1736 4093 ἅγιον

208 4102 368 4155 αὐτοῦ
396 4103 619 4156 ἐνώπιον
644 4104 853 4159 πάντων
876 4107 978 4161 τῶν
1002 4107 1184 4173 ἐθνῶν,
1215 4113 1306 4164 καὶ
1331 4112 1542 4181 ὄψονται
1567 4115 1737 4168 πάντα

211 4192 275 4244 τὰ
312 4192 434 4263 ἔθνη
476 4192 547 4245 τὰ
574 4193 713 4264 ἄκρα
739 4196 836 4265 τῆς
874 4197 976 4266 γῆς
1029 4199 1124 4270 τήν
1171 4203 1434 4272 σωτηρίαν
1465 4204 1558 4274 τὴν
1592 4205 1737 4277 παρὰ

211 4282 299 4335 τοῦ
341 4283 492 4336 Θεοῦ.
529 4283 847 4356 Ἀπόστητε,
897 4280 1180 4358 ἀπόστητε,
1224 4287 1457 4353 ὲξέλθετε
1513 4294 1732 4358 ἐκεῖθεν,

212 4373 299 4426 καὶ
327 4373 633 4443 ἀκαθάρτου
658 4373 730 4443 μή
761 4374 988 4443 ἆψησθεο
1014 4377 1247 4440 ὲξέλθετε
1274 4380 1336 4432 ὲκ
1361 4380 1521 4449 μέσου
1549 4384 1730 4451 αὐτῆς,

211 4462 297 4539 καὶ
319 4461 664 4541 ἀφορίσθητε,
697 4464 744 4513 οἱ
783 4463 1029 4532 φέροντες
1078 4467 1141 4519 τὰ
1186 4468 1346 4539 σκεύη
1398 4471 1624 4541 Κυρίου*
1654 4473 1733 4526 ὅτι

209 4550 266 4601 οὐ
300 4551 431 4620 μετὰ
466 4551 708 4622 ταραχῆς
738 4551 1091 4617 ὲξελεύσεσθε,
1132 4557 1257 4609 οὐδὲ
1295 4562 1433 4630 φυγῇ
1477 4560 1731 4629 πορεύσε-

2360 2022 2581 2093 CAPUT
2648 2036 2836 2094 xxvr.

1924 2165 1943 2197 ι
2014 2145 2136 2201 Ihec
2187 2146 2316 2202 dicit
2364 2145 2623 2201 Dominus
2676 2166 2687 2200 :
2750 2145 2974 2215 Propter
3018 2161 3113 2200 vos
3180 2159 3373 2201 nomen

1853 2251 2026 2289 meum
2059 2236 2461 2305 blasphematur
2489 2235 2543 2288 in
2562 2234 2808 2305 gentibus
2834 2254 2845 2288 :
2868 2234 3068 2288 idcirco
3092 2242 3375 2302 cognoscet

1851 2323 2078 2392 populus
2131 2339 2279 2378 meus
2321 2338 2515 2378 nomen
2563 2339 2736 2377 meum
2765 2341 2778 2390 ;
2809 2323 3008 2377 idcirco
3048 2325 3104 2376 in
3149 2322 3235 2377 die
3262 2323 3414 2405 illam

1849 2411 1990 2479 quod
2019 2426 2116 2480 ego
2150 2427 2287 2477 sum,
2319 2411 2434 2481 ipse
2476 2413 2566 2481 qui
2597 2411 2804 2480 loquor,
2840 2411 3029 2465 adsum
3085 2418 3142 2465 ut
3173 2410 3373 2465 formo-

1849 2501 1981 2555 sitas
2014 2502 2068 2554 in
2097 2501 2387 2567 montibus,
2412 2509 2470 2554 ut
2496 2501 2657 2570 pedes
2675 2502 3094 2571 evangelizantis
3125 2502 3367 2555 auditum

1847 2591 2013 2659 pacis,
2039 2598 2096 2644 ut
2115 2592 2205 2660 qui
2223 2591 2434 2645 nuntiat
2459 2592 2618 2654 bona,
2652 2592 2903 2661 quoniam
2919 2591 3148 2645 auditam
3182 2591 3371 2643 faciam

1849 2682 2072 2735 salutem
2110 2690 2271 2745 tuam,
2302 2682 2487 2736 dicens
2519 2701 2533 2736 :
2564 2680 2714 2744 Sion,
2739 2697 2833 2736 rex
2865 2689 2989 2736 tuus
3013 2681 3114 2735 erit
3140 2679 3365 2735 Deus'.»

1847 2770 1968 2826 Haec
1989 2787 2198 2840 quoque
2231 2772 2506 2841 aptissime
2538 2772 2604 2825 ad
2639 2772 2965 2826 Salvatorem
2990 2770 3218 2826 refertur
3248 2784 3373 2834 nro-

1845 2861 2043 2930 phetia,
2068 2861 2222 2930 cujus
2247 2876 2341 2929 per
2359 2861 2779 2915 incarnationem
2811 2861 3083 2930 impletum
3100 2868 3180 2915 est
3203 2856 3368 2913 illud:

1852 2969 1871 3002 c
1907 2949 2014 3020 Ego
2041 2966 2181 3013 sum,
2214 2951 2330 3018 ipse
2370 2950 2459 3018 qui
2493 2949 2683 3017 loquor
2709 2948 2916 3002 adsum.
2953 2967 2971 2998 ι
3001 2945 3175 3000 Priori
3210 2946 3374 3016 igitur

1844 3039 2038 3108 pepulo
2062 3054 2157 3108 per
2190 3038 2407 3108 ﬁguram
2441 3038 2638 3093 dicitur
2678 3055 2691 3091 :
2730 3056 2749 3089 ι
2779 3036 3006 3106 PrOpter
3035 3052 3132 3091 vos
3178 3052 3371 3092 nomen

1844 3143 2018 3181 meum
2047 3128 2447 3195 blasphematur
2480 3127 2534 3180 in
2571 3127 2836 3195 gentibus,
2877 3145 2895 3178 ι
2932 3135 2985 3181 et
3003 3134 3214 3181 caetera.
3247 3125 3370 3181 Haec

1842 3231 1970 3271 vero
1999 3234 2012 3268 :
2044 3234 2062 3266 ι
2095 3215 2218 3270 Ideo
2251 3226 2534 3285 cognoscet
2558 3217 2782 3285 populus
2805 3232 2956 3271 meus
2978 3232 3170 3270 nomen
3195 3232 3371 3271 meum

1845 3303 1900 3355 in
1925 3303 2009 3357 die
2038 3303 2149 3365 illa,
2190 3321 2207 3352 ι
2236 3303 2301 3357 de
2337 3304 2585 3373 gentibus
2629 3318 2747 3371 quae
2794 3304 2848 3356 in
2872 3319 2992 3357 eum
3030 3302 3371 3357 crediderunt

1844 3401 2070 3460 possunt
2113 3391 2352 3460 intelligi.
2385 3389 2503 3460 Ipse
2551 3391 2712 3460 igitur
2742 3392 2940 3461 estqui
2973 3392 3122 3461 prius
3155 3391 3368 3461 quidem

1843 3497 1937 3550 per
1961 3482 2197 3551 angelos,
2230 3480 2420 3534 deinde
2450 3495 2545 3550 per
2587 3481 2871 3551 prophetas
2902 3495 3021 3535 cum
3066 3481 3371 3536 hominibus

1845 3580 2196 3625 conversatus
2223 3577 2325 3625 est.
2371 3573 2542 3640 Atque
2572 3580 2691 3639 post
2728 3572 2850 3624 illos
2886 3585 3075 3625 rursus
3111 3585 3366 3639 superve-

1841 3662 2015 3724 niens,
2048 3675 2143 3730 per
2170 3675 2227 3714 se
2253 3661 2424 3729 ipsum
2468 3661 2690 3715 salutem
2733 3660 2980 3713 omnibus
3010 3659 3364 3714 annuntiavit.

1844 3754 2079 3818 Quorum
2114 3766 2333 3806 sensum
2373 3751 2644 3806 studiosus
2678 3750 2953 3819 indagator
2988 3748 3236 3818 perfacile
3267 3763 3366 3803 no-

1838 3842 1992 3895 verit.

2362 3928 2586 3985 CAPUT
2625 3927 2832 3984 XXVII.

1916 4039 1934 4071 ι
1968 4019 2033 4073 Et
2063 4019 2318 4075 revelabit
2347 4018 2601 4072 Dominus
2631 4019 2908 4072 brachium
2938 4026 3177 4073 sanctum
3207 4032 3362 4073 suum

1838 4112 1893 4166 in
1934 4121 2224 4181 conspectu
2251 4110 2486 4178 omnium
2521 4108 2777 4176 gentium,
2818 4116 2870 4161 et
2900 4107 3155 4161 videbunt
3187 4106 3364 4160 omnia

1836 4214 2077 4259 extrema
2106 4212 2261 4256 terra:
2287 4201 2509 4254 salutem
2555 4214 2584 4251 a
2614 4197 2721 4251 Deo
2751 4207 2954 4253 nostro.
2985 4196 3252 4259 Recedile,
3274 4212 3363 4251 re-

1836 4292 2031 4355 cedite.
2059 4292 2198 4345 exite
2228 4290 2373 4352 inde,
2406 4289 2666 4357 pollutum
2683 4288 2847 4341 nolite
2870 4294 3101 4356 tangere.
3122 4284 3272 4340 Exite
3299 4283 3364 4340 de

1836 4383 2011 4437 medio
2041 4382 2178 4451 ejus,
2239 4380 2567 4434 mundamini
2601 4379 2693 4447 qui
2748 4377 2897 4432 fertis
2953 4392 3079 4432 vasa
3127 4374 3358 4432 Domini.

1836 4471 2097 4537 Quoniam
2126 4484 2232 4523 non
2265 4468 2317 4521 in
2350 4467 2579 4520 tumultu
2610 4466 2849 4528 exibilis,
2879 4479 2979 4520 nec
3006 4465 3059 4519 in
3092 4463 3213 4534 fuga
3247 4479 3364 4533 pro-

1835 4562 2090 4631 perabitis
2122 4580 2135 4614 :
2168 4558 2431 4629 praecedet
2460 4558 2600 4611 enim
2630 4573 2727 4612 vos
2756 4555 3032 4631 Dominus,
3059 4562 3112 4608 et
3140 4568 3362 4622 congre-

213 4637 327 4691 σθεο
367 4640 687 4710 πορεύσεται
728 4639 834 4710 γὰρ
880 4642 1133 4712 πρότερος
1168 4646 1315 4715 ὑμῶν
1343 4628 1557 4718 Κύριος,
1592 4651 1683 4704 καὶ
1706 4653 1733 4703 6

1845 4628 1986 4723 gabit
2010 4667 2105 4705 vos
2131 4628 2270 4706 Deus
2303 4648 2488 4703 Israel.
2519 4649 2653 4702 licCe
2687 4628 2943 4716 inteIliget
2977 4661 3161 4700 servus
3188 4659 3357 4707 meus,

216 4730 448 4798 συνάγων
492 4731 635 4800 ὑμᾶς
675 4730 802 4792 Θεὸς
837 4731 1065 4802 Ἰσραήλ.
1113 4734 1238 4788 Ἰδοὺ
1291 4740 1502 4809 συνήσει
1548 4743 1575 4792 6
1612 4745 1734 4805 παῖς

216 4835 332 4885 μου,
360 4820 451 4872 καὶ
477 4819 834 4889 ὑψωθήσεται,
865 4822 955 4873 καὶ
993 4824 1468 4897 μετεωρισθήσεται
1503 4831 1731 4901 σφόδραο

212 4905 267 4957 ὃν
300 4910 494 4980 τρόπον
525 4910 869 4978 ἐκστήσονται
902 4912 992 4964 ἐπὶ
1018 4912 1098 4987 σοξι
1122 4913 1319 4978 πολλοὶ,
1347 4918 1513 4983 οὕτως
1551 4921 1735 4992 ἀδοξής

216 5011 293 5049 σει
319 4997 423 5050 ἀπὸ
450 4996 743 5068 ἀνθρώπων
767 4998 826 5050 τὸ
861 4995 994 5062 εἶδός
1031 5018 1143 5065 σου,
1170 5004 1261 5056 καὶ
1288 5005 1320 5074 ή
1348 5005 1470 5071 δόξα
1504 5024 1593 5059 σου
1631 5010 1734 5062 ἀπὸ

212 5084 312 5137 τῶν
342 5085 652 5157 ἀνθρώπων.
693 5085 843 5139 Οὕτω
873 5087 1228 5158 θαυμάσονται
1274 5093 1396 5166 ἔθνη
1437 5096 1601 5150 πολλὰ
1646 5100 1731 5151 ἐπ’

214 5174 371 5245 αὐτῷ,
398 5177 490 5229 καὶ
524 5175 789 5240 συνέξουσι
834 5176 1063 5245 βασιλεῖς
1105 5181 1163 5233 τὸ
1205 5183 1372 5252 στόμα
1414 5185 1613 5238 αὐτῶν·
1651 5188 1729 5240 ὅτι

213 5258 288 5326 οἷς
332 5265 426 5319 οὐκ
473 5264 738 5335 ἀνηγγέλη
773 5266 896 5336 περὶ
932 5268 1112 5335 αὐτοῦ,
1139 5270 1367 5338 ὄψονται,
1420 5274 1510 5326 καὶ
1552 5275 1599 5327 οἳ
1633 5277 1729 5328 οὐκ

215 5353 489 5421 ἀκηκόασι,
526 5355 827 5427 συνήσουσι.
863 5355 1047 5426 Κύριε,
1091 5358 1170 5423 τίς
1188 5361 1463 5414 ἐπίστευσε
1491 5366 1553 5433 τῇ
1595 5365 1725 5436 ἁκοῇ

214 5441 394 5507 ἡμῶν,
447 5444 540 5496 καὶ
587 5444 616 5494 6
665 5442 896 5513 βραχίων
949 5447 1146 5517 Κυρίου
1195 5448 1296 5501 τίνι
1347 5451 1724 5521 άπεκαλύφθη;

230 5529 631 5600 Ἀνηγγείλαμεν
659 5531 731 5593 ὡς
763 5530 965 5585 παιδίον
1009 5534 1240 5589 ἐναντίον
1289 5536 1469 5599 αὐτοῦ,
1509 5539 1582 5601 ὡς
1606 5539 1726 5609 ῥίζα

279 5645 293 5675 ¹
322 5644 438 5700 lsai.
467 5660 561 5707 cu.
595 5645 707 5700 5—7.

1837 4741 2177 4801 exaltabitur,
2231 4748 2284 4793 et
2332 4737 2645 4795 elevabitur,
2693 4746 2745 4788 et
2787 4734 3029 4789 sublimis
3055 4734 3156 4786 erit
3186 4733 3355 4787 valde.

1840 4829 1990 4883 Sicut
2021 4831 2410 4897 obstupuerunt
2431 4839 2591 4892 super
2612 4833 2661 4877 te
2682 4824 2854 4883 multi,
2873 4824 2949 4877 sic
2975 4823 3229 4891 inglorius
3257 4823 3359 4877 erit

1836 4920 1973 4972 inter
1984 4917 2130 4969 viros
2149 4924 2393 4984 aspectus
2412 4913 2549 4981 ejus,
2570 4920 2623 4966 et
2642 4912 2812 4966 forma
2827 4911 2944 4979 ejus
2958 4911 3095 4964 inter
3118 4911 3251 4967 filios
3268 4912 3361 4966 bo-

1839 5007 2061 5060 minum.
2099 5004 2189 5057 Sic
2227 5002 2561 5056 mirabuntur
2604 5008 2791 5070 gentes
2823 5000 3001 5053 multa:
3033 5015 3192 5069 super
3211 5017 3359 5069 eum,

1838 5109 1999 5164 super
2022 5094 2193 5163 ipsum
2227 5091 2575 5146 continebant
2596 5105 2751 5160 reges
2775 5105 2836 5144 os
2866 5104 3020 5144 suum
3051 5090 3209 5158 :quia
3238 5092 3357 5160 qui-

1831 5185 1933 5239 bus
1975 5198 2080 5235 non
2119 5189 2200 5235 est
2236 5185 2509 5233 narratum
2540 5178 2607 5231 de
2636 5192 2720 5241 eo,
2744 5178 3008 5238 viderunt,
3041 5183 3093 5229 et
3120 5177 3212 5245 qui
3246 5194 3353 5232 non

1830 5273 2130 5334 audierunt,
2162 5267 2507 5336 contemplati
2539 5274 2684 5320 sunt.
2720 5266 2940 5320 Domine
2970 5265 3090 5333 quis
3129 5266 3353 5320 credidit

1835 5362 2037 5415 auditui
2071 5360 2290 5415 nostro?
2314 5366 2365 5413 et
2395 5357 2670 5412 brachium
2702 5355 2910 5410 Domini
2943 5356 3031 5408 cui
3064 5357 3352 5411 revelatum

1834 5449 1952 5505 est?
1976 5447 2040 5501 Et
2064 5447 2311 5503 ascendet
2336 5446 2472 5501 sicut
2494 5444 2780 5514 virgultum
2808 5456 2988 5497 coram
3021 5456 3103 5505 eo,
3132 5453 3185 5498 et
3209 5443 3349 5498 sicut

1831 5540 1978 5599 radix
2004 5540 2069 5593 de
2100 5546 2243 5592 terra
2275 5536 2493 5591 sitienti.
2537 5532 2655 5608 Non
2700 5542 2781 5591 est
2823 5531 3029 5602 species
3057 5531 3129 5599 ei,
3176 5545 3349 5602 neque

279 5738 350 5807 (l)
379 5736 471 5794 Vel
493 5736 766 5807 legendum
790 5736 920 5803 μετά
947 5751 1042 5805 pro
1076 5739 1269 5807 μέντοι,
1288 5739 1367 5793 vel
1389 5739 1607 5802 ἐκείνοις
1632 5755 1727 5808 pro

1847 5741 2001 5805 ίνους.
2038 5741 2189 5797 Enn.
