3952 6384
218 378 363 433 ﬁt!

1221 375 1504 431 εοωοιε
1540 376 2001 433 PROPHETICE.
2039 406 2106 416 —
2142 374 2267 430 LIB.
2303 374 2393 430 IV.

3240 383 3263 436 l
3272 382 3374 437 232

216 492 367 565 laba
403 490 711 546 ὑπακούων.
768 492 841 557 ᾼι¹
871 494 899 545 6
930 509 1076 562 φησι·
1118 510 1136 543 ι
1173 494 1312 546 Διότι
1340 491 1519 563 ἦλθον,
1552 495 1645 547 καὶ
1665 495 1748 547 οὐκ

1858 503 1979 564 post
2013 495 2235 549 istorum
2284 494 2711 563 reprobationem
2759 498 2993 567 gentium
3040 497 3374 552 vocationem

216 576 296 650 ἦν
321 580 630 649 ἄνθρωπος·
658 581 884 634 ἐκάλεσα
909 583 1000 634 zeal
1032 583 1125 634 οὐκ
1153 577 1219 651 ἦν
1248 585 1278 634 6
1308 583 1604 637 ὑπακούων.
1640 603 1658 635 ι
1684 585 1761 637 Ta

213 670 264 723 δ’
286 671 384 723 ἐπὶ
408 670 551 723 τέλει
586 670 685 739 τῆς
717 672 1010 741 περικοπῆς
1032 671 1328 735 ἀκολούθως
1343 673 1477 742 μετά
1501 673 1596 744 τὴν
1628 674 1764 727 ὲκεί-

214 776 334 814 νων
362 760 631 829 ἀποϐολὴν
662 762 753 813 ἐπὶ
781 761 879 830 τὴν
911 762 968 825 ἐξ
995 761 1156 813 ἐθνῶν
1193 762 1511 832 ἀναφέρεται
1543 764 1727 833 κλῆσιν
1745 803 1759 825 ,

213 849 334 902 ἀπὸ
360 849 478 911 τοῦ,
502 869 521 900 ς
545 851 638 913 Τίς
663 854 720 903 ὲν
742 851 866 918 ὑμῖν
890 853 918 903 6
941 850 1259 920 φοϐούμενος
1278 851 1366 903 τὸν
1387 851 1614 920 Κύριον;
1668 855 1764 906 ὐπ-

213 938 513 991 ακουσάτω
537 939 638 1007 τῆς
659 940 836 1007 φωνῆς
862 939 950 992 τοῦ
977 939 1155 1002 παιδὸς
1189 940 1368 992 αὐτοῦ.
1399 959 1417 991 ι
1450 942 1634 1010 Ἡμεῖς
1656 942 1761 1011 γὰρ

211 1026 439 1097 ἀληθῶς
459 1024 601 1098 ἦμεν
627 1048 645 1079 e
678 1031 726 1081 οί
774 1030 1113 1099 πορευόμενοι
1157 1032 1214 1081 ὲν
1248 1030 1450 1089 σκότει·
1493 1050 1511 1081 z
1548 1033 1638 1084 zeal
1665 1032 1761 1084 οὐκ

210 1109 287 1183 ἦν
318 1115 452 1184 ημῖν
486 1115 593 1184 πρὸ
617 1117 713 1182 τῆς
732 1118 1022 1186 παρουσίας
1059 1116 1149 1168 τοῦ
1183 1118 1425 1186 Σωτῆρος
1452 1118 1601 1187 ήμῶν
1624 1120 1755 1186 φῶς

211 1202 358 1255 ἀλλά
384 1202 480 1255 νῦν
512 1203 599 1255 διά
626 1204 723 1272 τὴν
747 1203 838 1256 τοῦ
866 1203 996 1256 Θεοῦ
1024 1205 1177 1274 χάριν
1216 1203 1542 1272 πεποίθαμεν
1575 1206 1663 1257 ἐπὶ
1683 1204 1760 1273 τῷ

208 1292 445 1362 ὀνόματι
470 1292 697 1361 Κυρίου,
738 1295 830 1346 zeal
878 1293 1331 1363 ὲπιστηριξόμεθα
1384 1297 1473 1348 ἐπὶ
1499 1294 1575 1363 τῷ
1611 1295 1753 1364 Θεῷ·

208 1383 330 1442 τοῖς
359 1380 417 1432 δὲ
443 1381 520 1450 μὴ
550 1380 893 1433 πιστεύσασιν
921 1382 999 1444 είς
1016 1382 1105 1433 τὸν
1132 1382 1379 1451 Χριστὸν,
1400 1377 1479 1441 οἷς
1502 1384 1592 1433 zeal
1622 1383 1760 1435 ἀνω-

207 1468 362 1539 τέρω
421 1470 608 1539 εῐρητο
642 1470 719 1523 τό’
762 1490 781 1521 ‹
828 1471 953 1523 Ἰδοὺ
993 1473 1186 1533 πάντες
1228 1472 1381 1540 ὑμεῖς
1429 1472 1501 1533 ὡς
1550 1473 1757 1540 ἱμάτιον

208 1557 685 1627 παλαιωθήσεσθε,
703 1559 795 1612 zeal
816 1558 889 1621 ὡς
913 1559 1006 1628 σὴς
1025 1560 1248 1626 φάγεται
1278 1559 1416 1629 ὑμᾶς
1438 1598 1452 1619 ,
1476 1578 1494 1607 ι
1515 1560 1756 1629 ἐπιφέρει

204 1649 236 1698 6
255 1647 421 1714 λόγος
462 1647 685 1714 φάσκων
705 1665 718 1678 ο
761 1667 779 1698 e
831 1648 957 1701 Ἰδοὺ
989 1649 1184 1711 πάντες
1210 1650 1362 1718 ὑμεῖς
1381 1650 1456 1712 ὼς
1498 1648 1607 1719 πῦρ
1637 1650 1756 1702 καί·

206 1754 321 1799 ετε,
355 1755 375 1787 ι
419 1739 516 1789 καὶ
546 1738 614 1790 τά
655 1738 807 1807 ἑξῆς·
831 1739 888 1789 ἐν
918 1731 998 1799 οἷς
1036 1738 1218 1806 σαφῶς
1254 1739 1347 1790 zeal
1390 1738 1468 1789 τό·
1501 1757 1520 1789 e
1558 1738 1633 1790 Ae‘
1655 1738 1753 1807 ἐμὲ

1861 585 2089 638 innuunt
2111 602 2125 615 ο
2162 600 2182 636 e
2216 584 2348 650 Quis
2397 599 2461 639 ex
2494 583 2645 640 vobis
2684 586 2877 643 timens
2922 587 3248 643 Dominum?
3279 603 3346 641 au

1862 674 1974 729 diat
2022 686 2202 727 vocem
2257 673 2394 727 servi
2441 674 2543 727 sui.
2598 691 2616 724 ι
2659 672 2767 728 Nos
2807 676 2947 728 enim
2998 690 3123 730 vere
3162 689 3374 731 eramus

1863 780 1883 813 ι
1918 762 2250 816 ambulantes
2279 762 2332 815 in
2364 762 2631 827 tenebris;
2667 780 2685 812 ι
2718 777 2888 831 neque
2938 774 3054 819 erat
3098 765 3254 820 nobis
3294 766 3377 818 lu-

1859 865 1980 904 men
2010 859 2133 903 ante
2174 849 2465 903 Salvatoris
2512 849 2680 902 nostri
2729 850 3048 918 adventum;
3086 852 3179 908 sed
3229 864 3379 907 nunc‘

1860 938 1949 993 Dei
1982 940 2151 1008 gratia
2197 938 2522 993 credidimus
2571 939 2627 991 in
2667 939 2882 994 nomine
2909 940 3137 1005 Domini,
3161 949 3216 995 et
3265 937 3399 996 Deo-

1858 1031 2208 1084 adlueremus.
2260 1028 2380 1083 lstis
2412 1043 2537 1082 vero
2571 1030 2663 1097 qui
2691 1044 2797 1083 non
2826 1030 2879 1083 in
2907 1030 3172 1084 Christum
3197 1030 3373 1086 credi-

1856 1119 2067 1179 derunt,
2098 1117 2293 1185 quibus
2323 1124 2375 1171 et
2397 1114 2641 1183 superius
2662 1116 2861 1170 dictum
2889 1122 2973 1169 est
2999 1131 3013 1166 :
3042 1134 3058 1165 ι
3099 1116 3234 1171 Ecce
3261 1132 3378 1171 om-

1858 1223 1952 1261 nes
1983 1222 2074 1262 vos
2121 1207 2272 1275 quasi
2305 1207 2677 1268 vestimentum
2720 1206 3002 1278 inveterati
3024 1206 3193 1268 eritis,
3224 1214 3275 1261 et
3305 1206 3376 1260 ti-

1857 1312 1953 1349 nea
1990 1296 2230 1349 comedet
2269 1310 2384 1357 vos,
2428 1314 2445 1342 ι
2481 1295 2662 1361 adjicit
2709 1310 2883 1348 sermo
2929 1294 3157 1349 dicens:
3187 1313 3205 1345 ι
3238 1294 3376 1350 Ecce

1855 1399 2037 1437 omnes
2070 1399 2164 1437 vos
2195 1384 2365 1453 ignem
2398 1382 2699 1446 incenditis,
2727 1404 2745 1433 ι
2782 1390 2834 1436 et
2860 1382 3080 1451 reliqua.
3104 1380 3160 1435 In
3186 1382 3377 1450 quibus

1856 1472 2135 1526 manifeste
2162 1481 2216 1526 et
2246 1473 2438 1525 illudze
2465 1472 2686 1539 Propter
2718 1486 2800 1524 me
2833 1470 2968 1523 facta
3000 1479 3123 1524 sunt
3144 1470 3257 1525 hate
3281 1484 3375 1524 vo-

1855 1561 1957 1621 bis.
2001 1579 2019 1610 ι
2050 1560 2115 1614 de
2153 1576 2382 1629 persona
2424 1562 2624 1616 dicitur
2653 1559 2854 1613 Christi
2903 1560 3238 1628 objurgantis
3261 1575 3376 1623 eos,

1854 1651 2332 1719 exprobrantisque
2373 1649 2566 1703 factam
2598 1653 2652 1704 in
2685 1651 2917 1719 seipsum
2952 1648 3254 1704 Judazorum
3283 1664 3379 1720 po-

1856 1741 1963 1809 puli
1990 1741 2501 1809 praevaricationem.

204 1827 431 1891 ἐγένετο
451 1825 624 1879 ταῦτα
651 1828 793 1896 ὑμῖν,
818 1829 917 1879 »ὲκ
941 1826 1219 1897 προσώπου
1244 1827 1482 1880 λέλεκται
1507 1827 1597 1880 τοῦ
1647 1829 1874 1897 Χριστοῦ
1934 1831 2339 1895 ὲπονειδίζοντος
2375 1832 2554 1894 αὐτοῖς
2587 1830 2679 1883 zeal
2734 1831 3112 1900 ἀπελέγχοντος
3163 1830 3258 1901 τὴν
3302 1832 3380 1893 είς

206 1916 374 1969 αὐτὸν
439 1918 814 1987 γεγενημένην
875 1918 967 1971 τοῦ
1037 1918 1291 1971 Ἰουδαίων
1345 1918 1471 1972 λαοῦ
1523 1922 1873 1991 παρανομίαν.

712 2010 1091 2063 ΚΕΦΑΛΑΙΟΝ
1121 2012 1278 2078 KGH]

281 2142 300 2174 ι
342 2123 491 2176 Τάδε
517 2121 661 2190 λέγει
688 2120 912 2191 Κύριος·
937 2124 1164 2192 Δι’ύμᾶς
1179 2123 1264 2176 διὰ
1287 2125 1480 2187 παντὸς
1503 2125 1563 2177 τὸ
1592 2124 1758 2195 δνομά

208 2229 312 2283 μου
350 2212 750 2282 βλασφημεῖται
777 2213 833 2263 ἐν
855 2214 964 2274 τοῖς
990 2211 1180 2265 ἔθνεσι·
1206 2212 1291 2265 διὰ
1318 2212 1471 2266 τοῦτο
1498 2213 1755 2281 γνώσεται

201 2306 230 2356 6
266 2303 401 2365 λαός
460 2319 561 2371 μου
614 2301 673 2353 τὸ
699 2300 863 2371 ὄνομα
893 2318 989 2370 μου
1013 2319 1025 2331 ο
1085 2302 1170 2355 διὰ
1208 2303 1359 2355 τοῦτο
1404 2305 1461 2356 ὲν
1486 2307 1549 2373 τῇ
1578 2305 1755 2375 ήμέρᾳ

202 2394 420 2463 ἐκείνῃ,
461 2395 544 2446 ὃτι
573 2391 679 2459 ὲγώ
709 2393 821 2462 εἶμι
844 2394 998 2456 αὐτὸς
1027 2396 1054 2446 6
1082 2395 1273 2459 λαλῶν,
1299 2396 1521 2467 πάρειμι
1542 2398 1614 2460 ὡς
1639 2398 1753 2468 ὥρα

202 2484 296 2535 ἐπὶ
322 2483 436 2535 τῶν
456 2482 648 2552 ὁρέων,
678 2481 752 2545 ὡς
782 2482 933 2546 πόδες
981 2484 1446 2555 εὐαγγελιζομένου
1481 2487 1643 2556 ἀκοήν
1677 2488 1753 2539 εί-

204 2571 399 2642 ρήνης,
463 2572 539 2633 ὡς
598 2570 1062 2641 εὐαγγελιζόμενος
1112 2572 1285 2640 ἀγαθά
1312 2613 1326 2636 ,
1362 2575 1441 2627 ὅτι
1491 2575 1751 2645 ἀκουστὴν

202 2663 418 2732 ποιήσω
440 2662 543 2731 τὴν
571 2660 835 2729 σωτηρίαν
879 2676 987 2724 σου,
1021 2662 1188 2728 λέγων
1215 2678 1229 2692 ⁶
1267 2662 1421 2726 Σιὼν,
1453 2663 1749 2732 βασιλεύσει

203 2770 299 2805 σου
325 2754 355 2803 6
378 2752 535 2814 Θεός.
573 2769 591 2802 z
626 2751 732 2803 Kal
761 2750 894 2818 αὐτη
937 2752 1027 2804 ἐπὶ
1053 2750 1140 2803 τὸν
1164 2753 1383 2823 Σωτῆρα
1419 2753 1751 2822 εὐλογώτατα

201 2842 439 2912 ἁρμόζοι
476 2842 544 2902 ἂν
584 2842 616 2910 ή
668 2841 995 2913 προφητεία,
1033 2843 1121 2894 ἐπὶ
1152 2844 1246 2914 τῆς
1277 2844 1562 2915 ἐπιδημίας
1588 2846 1747 2900 αὐτοῦ

202 2930 587 3001 πληρωθέντος
623 2930 734 2983 τοῦ’
770 2951 788 2982 ι
832 2932 1075 3000 Ὅτιὲγώ
1113 2932 1175 3001 (f.
1229 2933 1314 2999 56)
1359 2935 1492 3003 είμι,
1533 2936 1689 2997 αὐτὸς
1723 2938 1751 2988 6

200 3021 381 3073 λαλῶν
407 3020 656 3089 πάρειμι.
689 3040 707 3071 ι
739 3019 826 3089 Τῷ
862 3021 958 3089 μὲν
983 3016 1071 3073 οῦν
1094 3021 1334 3092 προτέρῳ
1355 3022 1465 3091 λαῷ
1487 3025 1564 3083 είς
1589 3026 1749 3093 πρόσ-

200 3126 354 3162 ωπον
413 3108 625 3177 εἴρηται
678 3108 745 3160 τά
782 3110 885 3160 ἀπὸ
905 3106 1017 3160 τοῦθ
1063 3127 1081 3158 e
1107 3112 1179 3161 Δι’
1201 3110 1340 3178 ὑμᾶς
1375 3110 1458 3163 διὰ
1479 3113 1671 3173 παντὸς
1690 3114 1750 3165 τὸ

197 3197 379 3267 δνομά
412 3211 515 3264 μου
551 3194 935 3265 βλασφημεῖται
968 3196 1024 3247 ὲν
1050 3199 1157 3260 τοῖς
1190 3197 1390 3249 ἔθνεσιο
1424 3217 1442 3248 z
1476 3199 1542 3251 τὰ
1577 3199 1619 3250 δ’
1647 3199 1751 3251 ἀπὸ

197 3288 320 3343 τοῦ·
370 3306 390 3337 e
424 3285 521 3338 Διὸ
541 3285 691 3338 τοῦτο
720 3286 978 3353 γνώσεται
1000 3286 1165 3349 όλαός
1184 3303 1281 3357 μου
1308 3289 1366 3340 τὸ
1389 3287 1553 3357 δνομά
1569 3306 1665 3357 μου
1692 3290 1748 3341 ἐν

195 3378 267 3446 τῇ
291 3374 485 3445 ἡμέρᾳ
509 3373 705 3443 ἐκείνη,
743 3393 761 3425 z
790 3378 952 3428 νοοῖτο
984 3378 1047 3429 ἂν
1078 3379 1202 3448 περὶ
1241 3378 1343 3430 τῶν
1368 3381 1444 3442 είς
1469 3381 1624 3433 αὐτὸν
1654 3397 1746 3434 πε-

198 3462 578 3517 πιστευκότων
631 3462 811 3515 ἐθνῶν.
848 3465 1017 3528 Αὐτὸς
1038 3462 1126 3519 οῦν
1156 3468 1297 3519 ἐστιν
1321 3470 1348 3520 6
1377 3469 1469 3523 zeal
1490 3470 1744 3541 πρότερον

198 3554 277 3623 πὴ
307 3554 410 3622 μὲν
436 3550 507 3602 δι’
538 3550 793 3618 ἀγγέλων,
824 3552 899 3622 πὴ
918 3552 971 3605 δὲ
996 3556 1086 3606 zeal
1116 3555 1199 3608 διά
1227 3557 1511 3627 προφητῶν
1541 3558 1743 3627 ἀνθρώ-

199 3660 326 3704 ποις
346 3641 642 3711 δμιλήσας’
675 3641 765 3693 zeal
797 3642 975 3712 μέντοι
1008 3645 1237 3709 ἐκείνους
1268 3648 1339 3716 (Δ)
1373 3643 1522 3710 αὖθις
1563 3665 1743 3718 παρα-

201 3732 523 3798 γενόμενος,
542 3730 632 3781 zeal
648 3730 713 3782 δι’
726 3730 911 3784 ἑαυτοῦ
933 3732 1027 3801 τὴν
1050 3735 1315 3805 σωτηρίαν
1340 3739 1469 3789 πᾶσι
1484 3738 1738 3808 κηρύξας,

199 3820 385 3871 ὁποῖον
406 3815 525 3885 ἔχει
552 3813 673 3869 νοῦν
701 3818 729 3868 6
756 3817 1047 3888 φιλομαθὴς
1070 3822 1360 3891 ἐρευνήσας
1386 3823 1600 3878 εἵσεται.

705 3906 1087 3961 ΚΕΦΑΛΑΙΟΝ
1126 3912 1246 3964 ΚΖ’.

275 4013 294 4046 e
340 3997 455 4048 Kal
483 3995 811 4066 ἀποκαλύψει
849 3999 1045 4069 Κύριος
1088 4001 1175 4054 τὸν
1202 4001 1452 4072 βραχίονα
1474 4004 1561 4056 τὸν
1593 4004 1741 4072 ἅγιον

197 4084 366 4136 αὐτοῦ
396 4083 624 4137 ἐνώπιον
649 4085 857 4140 πάντων
881 4088 983 4141 τῶν
1006 4088 1188 4153 ἐθνῶν,
1220 4093 1311 4144 zeal
1336 4092 1547 4161 ὄψονται
1572 4095 1741 4148 πάντα

199 4173 267 4226 τά
308 4173 437 4243 ἔθνη
481 4172 553 4226 ea:
579 4174 717 4245 ἄκρα
743 4176 841 4246 τῆς
879 4178 981 4247 γῆς
1034 4180 1129 4250 τὴν
1176 4183 1439 4252 σωτηρίαν
1470 4184 1563 4254 τὴν
1597 4186 1742 4256 παρὰ

199 4263 293 4316 τοῦ
338 4263 498 4317 Θεοῦ.
536 4263 852 4335 Ἀπόστητε,
901 4268 1185 4339 ἀπόστητε,
1229 4268 1462 4333 ὲξέλθετε
1518 4274 1737 4337 ἐκεῖθεν,

201 4353 293 4406 zeal
324 4353 638 4423 ἀκαθάρτου
662 4353 734 4424 μή
766 4355 993 4424 ἆψησθε·
1019 4357 1252 4420 ὲξέλθετε
1279 4360 1341 4412 ὲκ
1366 4360 1526 4429 μέσου
1554 4363 1736 4431 αὐτῆς,

199 4443 291 4494 zeal
314 4441 669 4522 ἀφορίσθητε,
702 4445 749 4494 οί
788 4444 1034 4512 φέροντες
1083 4448 1147 4499 τά
1192 4448 1351 4519 σκεύη
1403 4451 1629 4521 Κυρίου’
1659 4454 1738 4505 ὅτι

198 4531 258 4581 οὐ
295 4531 433 4601 μετά
469 4531 713 4603 ταραχῆς
743 4531 1096 4598 ὲξελεύσεσθε,
1145 4537 1262 4589 οὐδὲ
1300 4542 1438 4610 φυγῇ
1482 4540 1736 4609 πορεύσε-

2363 2000 2584 2072 CAPUT
2651 2015 2839 2072 xxw.

1927 2145 1946 2177 ι
2018 2125 2139 2181 llmc
2190 2126 2319 2181 dicit
2368 2125 2627 2180 Dominus
2678 2145 2691 2179 :
2753 2124 2977 2194 Pr0pter
3021 2139 3115 2179 vos
3183 2138 3376 2179 nomen

1857 2230 2030 2269 meum
2062 2215 2465 2284 blasphematur
2493 2214 2546 2267 in
2566 2214 2811 2284 gentibus
2837 2233 2848 2266 :
2871 2213 3072 2267 idcirco
3095 2221 3379 2281 cognoscet

1854 2303 2082 2371 populus
2134 2318 2282 2358 meus
2324 2317 2517 2357 nomen
2566 2318 2782 2369 meum;
2812 2301 3011 2356 idcirco
3053 2304 3107 2355 in
3152 2301 3238 2355 die
3265 2302 3374 2366 illa,

1853 2390 1993 2459 quod
2022 2406 2120 2459 ego
2153 2406 2291 2456 sum,
2323 2390 2437 2460 ipse
2479 2392 2569 2460 qui
2601 2390 2808 2459 loquor,
2844 2390 3032 2443 adsum
3088 2397 3145 2444 ut
3177 2389 3376 2443 formo-

1853 2481 1985 2535 sitas
2018 2481 2072 2534 in
2100 2480 2390 2546 montibus,
2415 2489 2473 2533 ut
2500 2480 2660 2549 pedes
2679 2480 3097 2550 evangelizantis
3128 2481 3370 2534 auditum

1851 2571 2017 2639 pacis,
2042 2577 2099 2624 ut
2119 2570 2438 2639 quinuntiat
2463 2570 2622 2633 bona,
2655 2571 2906 2639 quoniam
2922 2570 3152 2623 auditam
3185 2569 3375 2622 faciam

1852 2661 2075 2714 salutem
2114 2669 2274 2725 tuam,
2306 2661 2491 2715 dicens
2523 2680 2536 2715 :
2568 2659 2717 2723 Sion,
2743 2675 2837 2715 rex
2869 2667 2993 2714 tuus
3016 2659 3118 2715 erit
3143 2658 3369 2713 Deus’.»

1851 2750 1972 2805 ﬂare
1992 2766 2202 2820 quoque
2234 2752 2510 2820 aptissime
2542 2751 2607 2804 ad
2643 2751 2969 2805 Salvatorem
2994 2748 3222 2805 refertur
3252 2762 3377 2812 nro-

1849 2841 2046 2910 phetia,
2071 2840 2226 2910 cujus
2251 2855 2345 2909 per
2362 2839 2783 2895 incarnationem
2815 2840 3087 2908 impletum
3104 2847 3185 2894 est
3206 2835 3372 2891 illud:

1856 2949 1875 2981 e
1911 2929 2018 3001 Ego
2045 2945 2185 2992 sum,
2218 2930 2333 2997 ipse
2374 2930 2463 2997 qui
2497 2929 2687 2996 loquor
2713 2928 2920 2981 adsum.
2957 2946 2975 2977 »
3005 2924 3179 2979 Priori
3214 2924 3378 2995 igitur

1847 3019 2042 3087 p0pulo
2065 3033 2160 3087 per
2193 3017 2412 3087 figuram
2444 3017 2642 3072 dicitur
2682 3034 2695 3070 :
2734 3036 2752 3068 ι
2783 3015 3009 3085 PrOpter
3039 3031 3136 3070 vos
3182 3030 3375 3070 nomen

1848 3122 2023 3161 meum
2051 3106 2452 3175 blasphematur
2484 3106 2538 3159 in
2576 3107 2841 3174 gentibus,
2881 3124 2899 3156 ι
2936 3114 2989 3160 et
3007 3113 3218 3160 caetera.
3251 3103 3374 3160 Haec

1847 3211 1973 3251 vero
2003 3213 2016 3247 :
2048 3213 2066 3245 ι
2099 3195 2222 3249 Ideo
2255 3205 2538 3264 cognoscet
2562 3196 2787 3264 populus
2809 3211 2960 3250 meus
2983 3210 3174 3249 nomen
3199 3211 3375 3249 meum

1849 3283 1905 3335 in
1930 3283 2014 3336 die
2042 3282 2154 3345 illa,
2194 3300 2211 3331 ι
2240 3282 2305 3335 de
2341 3283 2589 3352 gentibus
2633 3297 2751 3350 qua:
2798 3283 2853 3335 in
2877 3298 2997 3336 eum
3034 3282 3376 3337 crediderunt

1849 3380 2074 3440 possunt
2117 3371 2356 3439 intelligi.
2390 3368 2507 3439 Ipse
2556 3371 2717 3439 igitur
2747 3378 2828 3425 est
2855 3371 2945 3440 qui
2977 3372 3126 3440 prius
3159 3370 3372 3440 quidem

1848 3476 1941 3530 per
1966 3461 2201 3530 angelos,
2235 3459 2424 3514 deinde
2455 3474 2550 3529 per
2591 3460 2875 3529 prophetas
2907 3475 3025 3514 cum
3072 3459 3376 3514 hominibus

1850 3560 2201 3605 conversatus
2227 3557 2330 3605 est.
2376 3552 2547 3619 Atque
2577 3559 2696 3618 post
2733 3550 2855 3604 illos
2890 3563 3079 3604 rursus
3115 3564 3370 3618 superve-

1845 3641 2019 3702 niens,
2052 3655 2147 3709 per
2174 3654 2232 3693 se
2258 3640 2428 3708 ipsum
2472 3641 2695 3694 salutem
2738 3638 2985 3692 omnibus
3014 3638 3369 3693 annuntiavit.

1848 3733 2085 3797 Quorum
2119 3746 2337 3786 sensum
2377 3730 2649 3785 studiosus
2682 3729 2958 3798 indagator
2992 3727 3241 3797 perfacile
3272 3741 3371 3781 no-

1843 3821 1996 3875 verit.

2367 3907 2592 3964 CAPUT
2630 3906 2837 3962 XXVII.

1920 4019 1939 4050 ι
1973 3998 2038 4052 Et
2068 3998 2323 4055 revelabit
2352 3997 2606 4052 Dominus
2634 3998 2913 4051 brachium
2943 4004 3182 4051 sanctum
3212 4011 3368 4050 suum

1842 4092 1898 4145 in
1939 4100 2229 4160 conspectu
2256 4089 2491 4143 omnium
2526 4088 2782 4155 gentium,
2823 4094 2875 4141 et
2906 4086 3161 4140 videbunt
3192 4085 3370 4139 omnia

1841 4194 2081 4238 extrema
2111 4191 2266 4235 terra:
2293 4180 2515 4233 salutem
2560 4193 2589 4230 a
2619 4175 2727 4231 Deo
2757 4185 2959 4231 nostro.
2990 4175 3258 4238 Recedile,
3280 4191 3369 4230 re-

1841 4272 2035 4335 ccdite,
2064 4270 2204 4324 exite
2232 4270 2378 4331 inde,
2411 4268 2671 4336 pollutum
2688 4267 2852 4320 nolite
2874 4273 3107 4335 tangere.
3128 4263 3278 4318 Exite
3304 4263 3370 4319 de

1841 4363 2016 4417 medio
2046 4362 2183 4430 ejus,
2244 4360 2572 4413 mundamini
2606 4358 2697 4426 qui
2752 4355 2902 4411 fertis
2958 4371 3083 4411 vasa
3132 4353 3364 4411 Domini.

1840 4451 2103 4516 Quoniam
2132 4463 2238 4503 non
2270 4448 2323 4501 in
2355 4446 2585 4499 tumultu
2615 4445 2854 4507 exibitis,
2884 4458 2985 4499 nec
3012 4444 3065 4498 in
3098 4442 3218 4513 fuga
3253 4457 3370 4511 pro-

1841 4541 2096 4611 perabitis
2127 4559 2140 4593 ε
2174 4537 2436 4609 praecedet
2465 4537 2605 4590 enim
2635 4552 2731 4591 vos
2762 4534 3038 4611 Dominus,
3065 4541 3117 4587 et
3146 4547 3367 4601 congre-

202 4617 323 4671 σθεο
365 4620 692 4690 πορεύσεται
733 4619 839 4691 γὰρ
885 4622 1139 4693 πρότερος
1174 4626 1320 4695 ὐμῶν
1348 4607 1563 4698 Κύριος,
1598 4631 1688 4683 zeal
1711 4633 1738 4683 6

1850 4607 1991 4703 gabit
2016 4647 2111 4685 vos
2136 4607 2275 4685 Deus
2309 4627 2494 4682 Israel.
2525 4628 2659 4681 licere
2692 4607 2949 4695 intefliget
2982 4640 3166 4680 servus
3194 4638 3363 4687 meus,

205 4710 449 4777 συνάγων
496 4711 640 4780 ὑμᾶς
680 4710 807 4772 Θεὸς
842 4712 1071 4782 Ἰσραήλ.
1118 4715 1243 4768 ’1δού
1297 4720 1507 4789 συνήσει
1553 4723 1581 4772 6
1617 4724 1739 4784 παῖς

206 4813 328 4864 μου,
357 4800 453 4852 καὶ
480 4799 839 4869 ὑψωθήσεται,
870 4802 961 4854 zeal
998 4805 1474 4877 μετεωρισθήσεται
1508 4811 1736 4880 σφόδραο

201 4884 259 4937 ὃν
294 4889 497 4959 τρόπον
530 4890 873 4958 ἐκστήσονται
907 4893 997 4944 ἐπὶ
1024 4893 1103 4967 col
1127 4893 1324 4958 πολλοὶ,
1352 4898 1518 4963 οὕτως
1556 4901 1740 4971 ἀδοξή-

207 4990 287 5028 σει
315 4976 424 5029 ἀπὸ
452 4976 749 5047 ἀνθρώπων
773 4978 832 5031 τὸ
866 4976 999 5043 εἶδός
1037 4997 1147 5045 σου,
1176 4984 1266 5036 zeal
1292 4985 1325 5053 ἡ
1353 4985 1476 5052 δόξα
1509 5004 1599 5039 σου
1637 4990 1739 5041 ἀπὸ

201 5063 307 5115 τῶν
338 5064 658 5136 ἀνθρώπων.
699 5065 849 5119 Οὕτω
879 5068 1234 5138 θαυμάσονται
1279 5072 1401 5145 ἔθνη
1442 5076 1606 5130 πολλά
1652 5080 1737 5131 ἐπ’

1842 4721 2182 4781 exaltabitur,
2237 4727 2290 4773 et
2338 4717 2650 4775 elevabitur,
2699 4726 2750 4768 et
2793 4714 3035 4768 sublimis
3061 4713 3161 4765 erit
3190 4712 3361 4766 valde.

1845 4808 1996 4863 Sicut
2027 4810 2416 4876 obstupuerunt
2437 4819 2597 4872 super
2617 4813 2667 4857 te
2688 4803 2860 4862 multi.
2879 4803 2955 4856 sic
2981 4802 3235 4871 inglorius
3262 4803 3365 4856 erit

1842 4900 1979 4952 inter
1990 4896 2135 4949 viros
2154 4903 2399 4964 aspectus
2418 4892 2555 4959 ejus,
2575 4899 2628 4946 et
2647 4890 2817 4945 forma
2833 4891 2950 4958 ejus
2964 4891 3101 4943 inter
3124 4891 3257 4945 filios
3274 4892 3366 4946 bo-

1844 4986 2066 5039 minum.
2105 4983 2195 5037 Sic
2234 4981 2567 5035 mirabuntur
2610 4987 2797 5048 gentes
2828 4979 3006 5032 multa:
3038 4994 3199 5047 super
3218 4996 3366 5048 eum,

1844 5089 2005 5144 super
2028 5073 2200 5142 ipsum
2233 5070 2581 5126 continebunt
2602 5084 2757 5139 reges
2781 5084 2841 5123 os
2872 5082 3026 5123 suum
3057 5068 3216 5136 :quia
3245 5071 3364 5139 qui-

208 5152 370 5223 αὐτῷ,
398 5156 493 5207 zeal
528 5156 795 5220 συνέξουσι
839 5157 1068 5226 βασιλεῖς
1110 5160 1169 5212 τὸ
1210 5162 1377 5232 στόμα
1419 5165 1619 5218 αὐτῶνθ
1656 5168 1736 5220 ὅτι

1850 5166 1939 5218 bus
1980 5177 2087 5215 non
2124 5168 2206 5215 est
2243 5165 2515 5213 narratum
2546 5157 2613 5210 de
2642 5171 2727 5220 eo,
2750 5157 3015 5216 viderunt,
3046 5162 3100 5207 et
3128 5156 3220 5224 qui
3253 5173 3362 5211 non

205 5236 283 5303 οἷς
328 5243 425 5296 οὐκ
474 5243 744 5315 ἀνηγγέλη
780 5246 902 5317 περὶ
938 5247 1117 5313 αὐτοῦ,
1144 5249 1373 5316 ὄψονται,
1426 5253 1516 5305 zeal
1557 5255 1605 5307 οἳ
1639 5256 1735 5308 οὐκ

1850 5253 2135 5313 audierunt,
2168 5246 2513 5316 contemplati
2546 5252 2690 5300 sunt.
2726 5245 2946 5299 Domine
2976 5242 3097 5311 quis
3136 5244 3362 5298 credidit

210 5330 492 5397 ἀκηκόασι,
528 5335 832 5407 συνήσουσι.
869 5335 1052 5406 Κύριε,
1096 5336 1174 5401 τίς
1192 5340 1469 5394 ἐπίστευσε
1496 5346 1559 5413 τῇ
1600 5345 1731 5415 ἀκοῇ

1850 5341 2043 5395 inditui
2077 5340 2296 5394 nostro?
2320 5346 2371 5393 et
2402 5337 2676 5391 brachium
2709 5334 2917 5390 Domini
2949 5333 3038 5385 cui
3071 5334 3363 5387 revelatum

208 5417 393 5483 ἡμῶν,
448 5422 542 5473 zeal
591 5423 622 5473 6
671 5422 901 5493 βραχίων
954 5425 1150 5495 Κυρίου
1197 5426 1301 5479 τίνι
1352 5430 1730 5501 ἀπεκαλύφθη;

227 5505 637 5578 Ἀνηγγείλαμεν
665 5512 737 5573 ὠς
768 5511 969 5564 παιδίον
1012 5512 1240 5565 ἐναντίον
1291 5516 1475 5579 αὐτοῦ,
1515 5519 1588 5580 ὡς
1612 5518 1732 5588 ῥίζα

278 5620 292 5651 ¹
321 5620 440 5677 lsai.
469 5638 563 5686 ιιιι.
597 5624 712 5681 5-7.

1839 5429 1957 5485 est?
1981 5426 2046 5480 Et
2070 5426 2318 5481 ascendet
2342 5426 2479 5481 sicut
2500 5424 2786 5493 virgultum
2814 5434 2996 5477 coram
3030 5433 3114 5481 eo,
3143 5430 3197 5474 et
3222 5421 3362 5474 sicut

1837 5520 1984 5574 radix
2009 5520 2075 5572 de
2106 5526 2249 5572 terra
2281 5516 2499 5572 sitienti.
2543 5511 2661 5585 Non
2706 5521 2786 5570 est
2829 5509 3041 5582 species
3068 5507 3143 5575 ei,
3189 5521 3363 5578 neque

283 5712 356 5782 (1)
385 5712 477 5771 Vel
497 5716 769 5785 legendum
792 5715 919 5784 μετά
944 5728 1038 5782 pro
1070 5714 1266 5782 μέντοι,
1288 5718 1372 5772 vel
1396 5718 1614 5782 ἐκείνοις
1638 5735 1733 5788 pro

1853 5721 2006 5784 ίνους.
2044 5720 2195 5777 Ευιτ.
2232 5758 2233 5761 η
