3952 6394
242 399 378 454 1245

1243 393 1523 450 ECLOGIE
1563 392 2024 449 PROPllETICE.
2058 424 2125 432 —
2148 392 2274 446 LIB.
2316 383 2404 441 IV.

3279 409 3412 461 ιειδ

241 523 329 564 τον
360 509 740 577 ὑπειληφότες·
779 510 870 562 καὶ
909 507 1192 576 ἐξέστησαν
1216 522 1276 572 γε
1309 506 1567 574 μηδεμίαν
1609 505 1773 574 ὑπερ-

1890 505 2092 559 )erfecit
2122 501 2386 573 prodigia,
2429 497 2506 550 ila
2559 500 2614 546 ιη
2660 512 3084 580 contemplantes
3137 530 3253 568 eum
3293 528 3410 572 stu-

244 599 378 667 οχὴν
410 597 443 666 ἢ
474 597 632 659 δόξαν
669 595 929 664 κοσμικὴν
953 593 1398 665 περιῦεϐλημένον
1423 593 1577 645 αὐτὸν
1606 595 1773 662 ἑωρα-

242 688 416 750 κότες,
440 688 556 750 ὅτε,
580 689 677 756 τὴν
702 688 792 738 τοῦ
820 685 949 738 Θεοῦ
983 684 1187 755 μορφὴν
1215 683 1557 751 ἀποθέμενος,
1589 683 1772 736 ἐαυτόν

243 795 299 832 τε
323 776 570 838 κενώσας
604 778 695 829 καὶ
725 775 903 827 δούλου
934 772 1230 841 ἀνειληφὼς
1266 771 1489 842 μορφὴν,
1523 770 1775 837 ἐξε(σ)τὰ-

245 884 378 928 σεως
414 866 541 928 ἀξια
576 866 670 917 καὶ
708 863 1086 931 καταπλήξεως
1116 862 1356 913 ἀπετέλει
1388 861 1673 930 παράδοξα,
1703 861 1774 922 ὼς

242 957 365 1018 τοὺς
423 955 760 1024 θεωροῦντας
815 954 948 1006 αὐτά
1002 952 1526 1020 καταπληττομένους
1578 951 1771 1018 λέγειν·

249 1064 266 1094 ι
296 1045 407 1111 Οὐχ
434 1038 592 1105 οὗτός
625 1045 766 1094 ἐστιν
803 1044 830 1092 ὁ
864 1044 973 1103 υίὸς
1004 1042 1230 1110 Ίωσήφς
1265 1039 1381 1107 οὐχὶ
1412 1042 1442 1107 ή
1483 1040 1656 1107 μήτηρ
1686 1039 1777 1088 καὶ

243 1136 290 1186 0i
321 1133 543 1202 ἀδελφοὶ
565 1134 727 1185 αὑτοῦ
761 1135 864 1184 εἰσι
899 1133 1021 1202 παρ’
1053 1134 1212 1200 ἡμῖνς
1253 1150 1270 1181 ι
1308 1130 1414 1182 Καὶ
1439 1132 1514 1190 εἰς
1539 1129 1693 1198 δεῦρο
1722 1130 1778 1180 δὲ

244 1223 483 1275 πλεῖστοι
513 1224 600 1274 ἐπ’
631 1222 787 1273 αὑτὸν
820 1220 1114 1283 ἐξίστανται
1142 1221 1232 1271 καὶ
1264 1217 1657 1288 ἐξαποροῦνται,
1684 1218 1777 1286 τὴν

243 1313 590 1366 διδασκαλίαν
629 1312 787 1385 αὑτοῦ
815 1311 1205 1381 διαδραμοῦσαν
1238 1310 1326 1361 καὶ
1357 1309 1432 1360 ἔτι
1455 1307 1546 1359 νῦν
1573 1307 1779 1376 διατρέ-

244 1419 442 1472 χουσαν
476 1403 560 1469 ἐφ’
585 1401 710 1471 ὅλην
742 1401 968 1471 ὁρῶντες
995 1401 1088 1470 τὴν
1118 1399 1450 1467 οἰκουμένην,
1480 1396 1584 1448 τῶν
1612 1413 1668 1448 τε
1701 1398 1776 1458 εἰς

243 1493 402 1546 αὑτὸν
451 1491 884 1543 πεπιστευκότων
932 1488 1025 1556 τὴν
1073 1488 1260 1548 ἀκλινῆ
1318 1488 1407 1538 καὶ
1459 1484 1779 1554 ἀμετάθετον

243 1581 479 1634 διάθεσιν
495 1579 897 1639 κατανοοῦντες.
925 1576 1103 1628 Ταῦτα
1127 1577 1183 1628 δὲ
1195 1576 1552 1645 θαυμάζοντες
1572 1574 1628 1625 οὺ
1658 1589 1778 1624 συν-

249 1673 356 1724 ίασι
385 1671 486 1738 τὴν
511 1669 660 1721 θείαν
689 1669 907 1736 δύναμιν
945 1665 1061 1718 καθ’
1089 1667 1156 1736 ἢν
1191 1665 1448 1735 ἐνήργησέ
1481 1680 1538 1714 τε
1561 1663 1651 1714 κα)⁵
1673 1663 1780 1713 είσ-

247 1760 325 1810 ἐτι
359 1757 456 1811 νῦν
489 1759 733 1828 ἐνεργεῖν
765 1756 830 1808 τὰ
883 1755 1177 1823 τηλικαῦτα
1207 1754 1498 1821 δεδύνηται’
1534 1753 1778 1820 συνέσχον

1872 600 2061 661 pontes
2107 592 2344 645 dicerent
2379 607 2391 640 :
2431 604 2450 637 ι
2490 581 2680 640 Nonne
2718 591 2809 648 hic
2849 608 2926 652 est
2957 598 3112 655 Jesus
3144 604 3279 658 filius
3309 603 3405 660 Jo-

1871 683 1999 751 seph
2021 681 2246 736 ?Nonne
2264 688 2432 734 mater
2450 684 2505 732 et
2531 673 2728 734 fratres
2751 686 2869 752 ejus
2895 699 3018 743 sunt
3036 692 3172 744 inter
3186 709 3283 747 nos
3300 695 3355 748 ‘?
3381 716 3398 747 ι

1873 771 1936 824 Et
1969 787 2109 825 nunc
2142 786 2314 839 usque
2343 783 2507 838 super
2535 781 2655 821 eum
2720 773 3051 830 admirantur
3073 791 3124 832 et
3151 781 3404 850 obstupe-

1872 863 2296 931 scuntplerique,
2316 861 2615 915 doctrinam
2643 860 2765 929 ejus
2789 865 3029 920 diffusam
3056 877 3107 922 et
3136 886 3276 924 nunc
3305 872 3404 924 ad-

1871 953 1976 1005 huc
2007 957 2371 1019 penetrantem
2391 949 2630 1003 videntes
2666 951 2720 1004 in
2746 954 3040 1008 universam
3069 965 3282 1023 terram,
3304 975 3400 1012 eo-

1874 1057 2099 1111 rumque
2136 1041 2226 1110 qui
2255 1040 2596 1094 crediderunt
2631 1041 2684 1093 in
2712 1057 2832 1095 eum
2851 1052 3176 1099 constantem
3213 1049 3402 1101 immo-

1874 1141 2089 1202 tamque
2105 1132 2550 1200 perseverantiam
2568 1141 2893 1200 reputantes.
2914 1132 3032 1186 llzec
3053 1147 3224 1189 autem
3240 1137 3401 1191 admi-

1877 1224 1999 1284 rati,
2019 1238 2127 1276 non
2154 1221 2386 1275 divinam
2417 1222 2790 1275 intellexerunt
2817 1231 3125 1292 potestatem
3154 1241 3256 1294 qua
3279 1243 3401 1296 ope-

1878 1321 2025 1366 ratus
2044 1318 2196 1365 estet
2219 1326 2362 1364 nunc
2393 1325 2562 1378 usque
2590 1312 2796 1379 Operari
2837 1319 2910 1364 tot
2945 1320 2997 1366 et
3027 1320 3169 1365 tanta
3197 1317 3400 1380 valeat;

1874 1402 2251 1455 continuerunt
2263 1411 2435 1454 autem
2451 1415 2572 1453 vere
2597 1415 2759 1468 super
2771 1415 2888 1454 eum
2905 1403 3306 1456 etoceluserunt
3327 1422 3406 1460 re-

1878 1507 1971 1560 ges
1993 1505 2054 1544 os
2085 1505 2260 1554 suum,
2282 1489 2394 1542 sive
2419 1489 2510 1556 qui
2545 1489 2849 1557 congregati
2878 1489 3086 1544 fuerant
3138 1493 3406 1560 passionis

1875 1586 1991 1654 ejus
2009 1594 2262 1654 tempore,
2280 1586 2344 1640 de
2361 1585 2558 1654 quibus
2577 1585 2776 1637 dictum
2789 1590 2870 1636 est
2889 1583 3234 1636 :cAstiterunt
3255 1597 3408 1650 reges

1876 1685 2050 1737 terrae,
2083 1675 2441 1744 et-principcs
2485 1679 2848 1728 convenerunt
2876 1673 2932 1724 in
2960 1686 3122 1723 unum
3151 1671 3407 1732 adversus

1877 1778 2028 1827 eum;
2047 1763 2215 1816 ’isive
2238 1763 2328 1830 qui
2357 1769 2481 1814 tunc
2495 1768 2647 1813 erant
2665 1758 2930 1828 principes
2945 1755 3176 1825 gentium
3194 1766 3272 1817 ;et
3287 1772 3413 1810 con-

243 1849 300 1901 δὲ
329 1846 547 1916 ἀληθῶς
603 1847 694 1898 καὶ
736 1847 1068 1898 συνέστειλαν
1113 1844 1197 1895 ἐπ’
1238 1843 1394 1895 αὑτὸν
1446 1841 1674 1910 βασιλεῖς
1723 1841 1782 1892 τὸ

1890 1850 2151 1903 Linuerunt
2166 1849 2404 1918 profecto
2420 1863 2482 1904 os
2511 1863 2688 1911 suum,
2710 1862 2831 1900 cum
2847 1849 3041 1914 saepius
3055 1846 3411 1900 intercludere

249 1938 420 2006 στόμα
459 1936 662 1997 αὐτῶν,
689 1936 792 1987 εἴτε
819 1938 867 1988 οἱ
897 1934 1238 2002 συναχθέντες
1265 1931 1402 1984 κατὰ
1423 1932 1482 1982 τὸ
1507 1930 1670 1992 πάθος
1690 1930 1784 1982 a5-

247 2028 360 2091 τοῦ,
398 2029 528 2096 περὶ
575 2020 648 2078 ὧν
688 2025 874 2094 ἐλέχθη
906 2025 981 2076 τό·
1031 2043 1048 2073 ι
1087 2023 1430 2092 Παρέστησαν
1471 2021 1519 2070 οἱ
1555 2019 1784 2088 βασιλεῖς

248 2119 345 2186 τῆς
379 2118 506 2186 γῆς,
535 2118 630 2169 καὶ
649 2117 696 2168 οἱ
727 2117 974 2184 ἄρχοντες
1006 2112 1335 2182 συνήχθησαν
1363 2112 1452 2162 ἐπὶ
1480 2110 1538 2162 τὸ
1566 2110 1710 2170 αὑτό,
1761 2128 1779 2160 ι

250 2209 358 2260 ιίτε
391 2210 486 2261 καὶ
513 2209 564 2259 οἱ
608 2207 743 2258 κατά
786 2206 1002 2275 καιροὺς
1043 2205 1292 2273 ἄρχοντες
1331 2202 1434 2254 τῶν
1471 2200 1660 2253 ἐθνῶν⁸
1696 2200 1787 2251 καὶ

253 2298 510 2364 συνέσχον
543 2311 605 2362 γε
641 2295 808 2362 στόμα
845 2291 1044 2344 ἑαυτῶν
1077 2291 1150 2359 τῷ
1181 2291 1430 2352 πολλάκις
1474 2290 1567 2359 μὲν
1596 2290 1785 2350 αὐτοὺς

251 2377 600 2454 ἐπιχειρῆσαι
634 2381 866 2434 κωλῦσαι
904 2381 992 2432 τδν
1017 2380 1168 2446 λόγον
1199 2378 1354 2431 αὐτοῦ
1389 2380 1480 2430 καὶ
1517 2378 1612 2447 τὴν
1645 2376 1786 2428 διδαο

257 2475 505 2536 σκαλίαν,
543 2473 690 2524 οῦδὲν
727 2471 783 2538 δὲ
819 2467 975 2540 ἦττον
1011 2467 1349 2538 ὑπερισχύειν
1377 2467 1532 2519 αὑτὸν
1562 2467 1652 2518 καὶ
1676 2466 1787 2517 δια-

252 2564 492 2633 λάμπειν
524 2541 864 2626 δοξαζόμενον
897 2557 988 2609 καὶ
1018 2558 1094 2618 είς
1121 2555 1247 2623 ὕψος
1273 2554 1571 2623 αἰρόμενον,
1607 2553 1668 2620 (Ῑ.
1699 2553 1786 2619 57)

253 2653 332 2714 ὡς
363 2651 598 2719 φανερὸν
645 2647 830 2700 ἑαυτὸν
874 2644 1187 2698 καθιστάναι
1230 2645 1288 2695 οὐ
1337 2643 1513 2712 μόνοις
1557 2644 1665 2703 τοῖς
1694 2640 1789 2702 τὰς

257 2742 388 2812 περὶ
433 2737 596 2792 αὑτοῦ
635 2737 959 2807 προφητείας
1000 2737 1062 2787 ἐκ
1106 2734 1348 2802 πατέρων
1395 2731 1788 2802 παρειληφόσιν,

257 2831 418 2892 ἀλλά,
466 2830 529 2882 τὸ
572 2826 1010 2899 παραδοξότατον,
1049 2821 1126 2887 οἷς
1167 2822 1494 2876 οὐδεπώποτε
1527 2821 1791 2890 ἀνηγγέλη

257 2938 311 2973 τι
342 2921 470 2990 περὶ
498 2917 680 2980 αὐτοῦ,
719 2917 858 2968 τοῦτ’
890 2915 1030 2967 ἐστιν
1064 2917 1191 2983 ἡμῖν
1223 2916 1330 2975 τιῖς
1373 2912 1592 2964 ἔθνεσιν·
1627 2911 1674 2962 οἳ
1702 2911 1792 2962 καὶ⁸

263 3009 386 3080 μηδ’
415 3009 549 3070 ὅλως
583 3005 730 3076 παρά
767 3005 872 3056 τῶν
905 3003 1174 3071 προγόνων
1215 3002 1504 3072 ἀκηκοότες
1543 3018 1613 3062 τι,
1663 3000 1793 3070 μηδέ

259 3096 748 3169 προμεμαθηκότες
775 3095 896 3162 περὶ
920 3094 1014 3160 τῆς
1042 3091 1200 3142 αὑτοῦ
1233 3091 1542 3158 παρουσίας,
1567 3091 1792 3156 συνήκει-

262 3201 365 3254 μεν
405 3182 564 3235 αὑτὸν
601 3180 834 3243 ἐλθόντα,
872 3180 963 3231 καὶ
1002 3177 1096 3239 τὰς
1129 3179 1250 3245 περὶ
1285 3177 1441 3228 αὑτοῦ
1470 3177 1793 3246 προφητείας

263 3269 682 3339 κατεδεξάμεθα.
736 3268 912 3320 Ταῦτα
960 3268 1015 3319 δὲ
1063 3266 1287 3336 προϊδὼν
1335 3268 1362 3318 ό
1414 3268 1690 3335 προφήτης
1737 3268 1792 3316 ἐν

260 3361 537 3428 πνεύματι
567 3360 828 3426 ἀναφωνεῖ
847 3357 1330 3425 ἀποθαυμαστικῶς
1348 3355 1513 3422 λέγων
1537 3355 1613 3406 τόν
1645 3374 1662 3404 ι
1695 3354 1796 3406 Κῦ-

266 3463 373 3516 ριε,
397 3446 482 3507 τίς
513 3445 820 3497 ἐπίστευσεν
842 3447 904 3514 τῇ
938 3446 1068 3514 ἀκοῇ
1091 3443 1273 3514 ἡμῶνς
1313 3464 1330 3494 ι
1369 3445 1538 3513 Ὅπερ
1565 3445 1660 3494 οὐκ
1683 3443 1794 3494 ἐστι

260 3535 464 3588 ταύτὸν
495 3533 588 3603 τῷ·
627 3533 805 3595 Οὐδεὶς
846 3533 1123 3584 ἐπίστευσε
1172 3535 1236 3602 τῇ
1253 3534 1381 3602 ἀκοῇ
1411 3532 1581 3602 ήμῶν·
1617 3531 1796 3599 σαφῶς

265 3623 376 3692 γάρ
409 3639 490 3674 τοι
532 3621 694 3674 πολλά
733 3621 902 3692 πλήθη
937 3622 1041 3674 τῶν
1083 3621 1140 3684 ἐξ
1183 3621 1366 3683 ἐθνῶν,
1409 3622 1500 3673 καὶ
1523 3622 1695 3674 αὐτῶν
1725 3622 1784 3691 δή

264 3729 414 3774 τινες
454 3711 558 3763 τῶν
591 3714 652 3764 ἐκ
684 3713 1002 3780 περιτομῆς,
1053 3711 1434 3762 πεπιστεύκασι
1461 3713 1525 3780 τῇ
1556 3712 1678 3780 περὶ
1709 3710 1798 3762 τοῦ

268 3801 686 3872 Χριστοῦ³ἀκοῇ’
717 3801 806 3854 καὶ
832 3818 848 3849 ι
871 3801 898 3850 ὁ
927 3800 1155 3869 βραχίων
1178 3800 1252 3863 δὲ,
1277 3819 1294 3850 ι
1329 3801 1475 3868 φησι,
1503 3818 1521 3850 ι
1547 3800 1794 3868 Κυρίου,ι

269 3889 412 3941 τοῦτ’
447 3889 588 3942 ἐστιν
623 3892 651 3941 ό
688 3888 864 3959 προὼν
892 3889 983 3941 τοῦ
1016 3889 1145 3941 Θεοῦ
1179 3891 1365 3956 Λόγος,
1403 3907 1420 3938 ι
1459 3891 1562 3941 τίνι
1598 3890 1798 3942 ἀπεκα-

270 3979 475 4050 λύφθης
514 3999 531 4029 ι
565 3980 730 4042 Αὐτὸς
755 3983 782 4032 ό
809 3980 958 4048 λόγος
989 3982 1043 4032 ἐν
1070 3981 1206 4049 ἀρχῇ
1231 3979 1328 4048 τῆς
1374 3979 1698 4050 προφητείας
1728 3980 1802 4031 διο

269 4069 456 4122 δάσκει
482 4069 669 4136 λέγων·
707 4089 723 4118 ι
745 4071 849 4121 Καὶ
873 4069 1200 4121 ἀποκαλύψει
1224 4071 1418 4139 Κύριος
1441 4070 1528 4121 τὸν
1555 4069 1804 4140 βραχίονα

273 4156 363 4208 τὸν
393 4159 541 4225 ἅγιον
573 4156 731 4210 αὐτοῦ
761 4157 981 4208 ἐνώπιον
1012 4157 1220 4210 πάντων
1245 4158 1349 4210 τῶν
1378 4157 1558 4210 ἐθνῶν.
1593 4177 1610 4207 ι
1649 4158 1801 4226 Ἐξῆς

274 4253 455 4314 αὐτοῖς
487 4249 732 4316 λέγεται·
785 4266 802 4297 ι
850 4247 1258 4317 Ἀνηγγείλαμεν
1289 4248 1509 4300 ἐνώπιον
1543 4249 1697 4300 αὐτοῦ
1731 4249 1805 4309 ὡς

273 4341 508 4401 παιδίον,
542 4340 614 4401 ὡς
645 4339 763 4408 ῥίζα
795 4339 850 4390 ἐν
871 4341 939 4407 γῇ
964 4339 1183 4407 διψώσηθ
1207 4338 1304 4389 οὐκ
1331 4338 1472 4390 ἐστιν
1505 4335 1635 4399 εἶδος
1662 4339 1804 4406 αὑτῷ

1883 1955 2156 1994 sermones
2176 1940 2293 2008 ejus
2328 1939 2504 1992 conati
2535 1947 2714 1992 essent
2753 1947 2908 2006 atque
2923 1937 3306 2000 doctrinam,et
3321 1937 3412 1990 ille

1884 2027 2230 2081 nihilominus
2248 2027 2302 2080 in
2323 2027 2493 2095 majus
2516 2026 2888 2088 invalesceret,
2912 2025 3220 2092 praeclarus,
3249 2024 3412 2095 incly-

1883 2123 1990 2178 tus,
2015 2124 2067 2169 et
2096 2115 2340 2169 sublimis
2379 2114 2659 2179 factus,ita
2695 2122 2752 2166 ut
2778 2113 3095 2168 manifestus
3130 2113 3276 2166 fieret
3302 2128 3408 2166 non

1885 2203 2041 2256 modo
2057 2203 2121 2256 iis
2135 2203 2223 2271 qui
2242 2218 2269 2254 a
2288 2202 2528 2270 patribus
2542 2201 2607 2255 de
2623 2202 2740 2269 ipso
2756 2201 3058 2269 prephetias
3075 2208 3410 2268 acceperant,

1887 2294 2156 2361 sed,quod
2191 2294 2357 2346 multo
2372 2293 2541 2362 magis
2562 2291 2857 2348 mirandum
2889 2297 3060 2353 est,et
3089 2290 3194 2342 illis
3218 2289 3412 2357 quibus

1886 2382 2015 2434 nihil
2048 2395 2278 2449 unquam
2306 2379 2372 2433 de
2402 2395 2466 2432 eo
2491 2379 2860 2432 annuntiatum
2877 2377 3068 2439 fuerat,
3091 2377 3294 2430 scilicet
3317 2392 3414 2429 no-

1884 2471 1966 2525 bis
2001 2473 2267 2540 gentibus.
2292 2469 2392 2533 Qui
2423 2477 2476 2522 et
2506 2468 2722 2520 minime
2749 2465 3036 2535 quidquam
3063 2479 3094 2517 a
3115 2464 3412 2532 majoribus

1887 2562 2248 2622 audieramus,
2299 2573 2430 2612 neve
2487 2558 2552 2611 de
2601 2557 2717 2624 ejus
2764 2555 2994 2608 adventu
3037 2554 3413 2613 didiceramus,

1886 2667 2008 2706 eum
2052 2643 2262 2704 veiﬁsse
2303 2648 2671 2716 cognovimus,
2727 2646 3134 2714 accepimusque
3185 2643 3249 2696 de
3298 2643 3415 2709 ipso

1889 2739 2216 2809 prophetias.
2243 2736 2371 2802 Qua:
2402 2745 2574 2790 autem
2601 2735 2896 2805 praevidens
2924 2736 3199 2804 prepheta,
3226 2735 3416 2804 spiritu

1890 2829 2097 2882 afﬂatus
2117 2829 2318 2892 divino,
2343 2825 2634 2879 admiratus
2662 2825 2926 2878 exclamat
2949 2843 2962 2876 :
2991 2843 3007 2874 ι
3035 2823 3268 2887 Domine,
3297 2824 3419 2892 quis

1891 2919 2116 2974 credidit
2153 2917 2357 2972 auditui
2400 2916 2622 2971 nostro?
2666 2935 2684 2966 ι
2718 2914 2870 2979 Quod
2904 2930 3009 2968 non
3059 2914 3196 2968 idem
3231 2921 3312 2968 est
3357 2929 3421 2968 ac

1893 3011 1938 3063 si
1963 3011 2167 3063 diceret
2197 3027 2209 3061 :
2246 3007 2432 3061 Nullus
2453 3006 2632 3060 credet
2664 3005 2867 3058 auditui
2907 3013 3112 3060 nostro.
3144 3003 3423 3059 Manifesta

1893 3101 2034 3153 enim
2075 3113 2262 3167 magna
2312 3096 2596 3150 multitudo
2646 3096 2904 3163 gentium,
2941 3095 3283 3164 ipsorumque
3326 3093 3422 3146 Ju-

1893 3186 2126 3238 daiorum
2158 3184 2398 3237 nonnulli
2445 3183 2510 3235 de
2555 3182 2770 3236 Christo
2823 3181 3026 3235 auditui
3059 3182 3417 3234 crediderunt.

1891 3272 1954 3324 Et
1979 3291 1996 3321 ι
2019 3272 2312 3333 brachium,
2340 3291 2357 3320 ι
2378 3271 2470 3335 ait,
2493 3290 2510 3317 ι
2538 3269 2765 3331 Domini,
2783 3289 2800 3320 ι
2827 3271 3027 3324 scilicet
3051 3270 3422 3337 praeexsistens

1893 3362 1983 3415 Dei
2014 3361 2260 3419 Verbum.
2285 3379 2302 3410 ι
2327 3361 2412 3413 cui
2436 3361 2723 3414 revelatum
2754 3360 2873 3412 est?
2896 3377 2914 3408 ι
2942 3357 3057 3425 Ipse
3087 3359 3227 3410 enim
3248 3374 3425 3411 sermo

1894 3449 1947 3502 in
1973 3449 2122 3500 initio
2146 3445 2432 3515 prophetiae
2462 3446 2617 3498 docet
2641 3445 2826 3498 dicens
2860 3462 2873 3496 :
2907 3462 2924 3493 ι
2957 3442 3020 3494 Et
3047 3444 3296 3497 revelabit
3323 3443 3426 3495 Do-

1896 3536 2072 3590 minus
2117 3534 2393 3588 brachium
2425 3541 2667 3586 sanctum
2713 3547 2866 3586 suum
2911 3532 2962 3584 in
3003 3539 3289 3600 conspectu
3319 3547 3428 3583 om-

1898 3627 2045 3678 nium
2077 3625 2334 3695 gentium.
2377 3642 2394 3673 ι
2427 3621 2556 3677 Post
2605 3623 2717 3676 haec
2745 3623 2941 3676 dicitur
2973 3640 2985 3676 :
3015 3641 3032 3671 ι
3074 3621 3137 3674 Ει
3167 3623 3422 3675 ascendet

1898 3717 2036 3770 sicut
2067 3716 2352 3783 virgultum
2381 3729 2560 3766 coram
2598 3727 2684 3776 eo,
2725 3723 2778 3767 et
2816 3713 2955 3766 sicut
2987 3711 3138 3764 radix
3168 3711 3232 3764 de
3271 3719 3411 3764 terra

1900 3805 2117 3860 sitienti.
2147 3803 2259 3857 Non
2289 3810 2370 3857 est
2404 3804 2606 3872 species
2636 3803 2706 3868 ei,
2752 3818 2922 3870 neque
2955 3803 3118 3855 decor
3149 3819 3165 3854 :
3205 3811 3256 3854 et
3291 3801 3424 3853 vidi-

1899 3910 2018 3948 mus
2045 3909 2188 3959 eum,
2231 3901 2284 3948 et
2332 3907 2437 3946 non
2467 3901 2580 3946 erat
2637 3904 2904 3962 aspectus.
2961 3907 3131 3960 neque
3177 3890 3425 3944 formosi-

1901 3993 2004 4045 tas,
2034 4002 2052 4034 ι
2076 3993 2127 4038 et
2155 3998 2272 4052 qua:
2315 3990 2632 4050 sequuntur,
2660 3998 2777 4050 qua:
2810 3983 2986 4035 omnia
3021 3981 3232 4048 impleta
3267 3987 3414 4042 sunt,

1899 4073 2113 4141 quando
2149 4073 2466 4126 exinaniens
2492 4072 2853 4140 semetipsum,
2886 4071 3088 4138 abjecta
3114 4069 3203 4122 Dei
3234 4069 3422 4133 forma,

1905 4164 2132 4233 speciem
2161 4163 2340 4231 elegit,
2373 4176 2478 4215 non
2512 4176 2628 4230 quae
2660 4161 2800 4228 apud
2836 4160 3076 4213 homines
3117 4158 3347 4212 formosa
3375 4169 3427 4212 et

1901 4254 2092 4306 decora
2124 4251 2368 4313 habetur,
2399 4253 2670 4319 vitamque
2698 4251 2840 4317 degit
2866 4249 3149 4300 humanam
3179 4247 3294 4300 sine
3329 4246 3397 4297 ho
3416 4272 3428 4283 -

1904 4343 2106 4394 minum
2135 4340 2323 4410 gloria,
2357 4340 2472 4393 sine
2501 4342 2676 4409 aliqua
2702 4339 2981 4392 mundana:
3001 4337 3274 4406 dignitatis
3298 4351 3433 4406 pra:-

272 4429 391 4481 οὐδὲ
424 4428 569 4491 δόξα,
602 4427 694 4478 καὶ
725 4425 930 4495 εἴδομεν
980 4428 1156 4488 αὑτὸν,
1205 4428 1295 4479 καὶ
1341 4428 1437 4479 οὐκ
1483 4424 1620 4496 εἶχεν
1670 4424 1790 4490 εἶδος

1904 4431 2169 4493 cellentia,
2207 4430 2430 4483 formam
2459 4445 2586 4483 vero
2629 4430 2768 4484 servi
2800 4437 2853 4483 et
2897 4427 3127 4483 ministri
3158 4427 3426 4495 accipiens

272 4520 392 4573 οῦδὲ
429 4518 639 4579 κάλλος,
671 4535 689 4566 ι
711 4517 803 4567 καὶ
826 4517 892 4568 τὰ
916 4517 1059 4584 ἑξῆς,
1089 4517 1123 4570 ὃ.
1156 4518 1246 4569 καὶ
1273 4518 1406 4570 αὐτὰ
1434 4519 1796 4588 πεπλήρωται,

273 4607 361 4659 ὅτε
393 4605 629 4666 κενώσας
662 4603 843 4654 ἐαυτὸν
880 4605 972 4672 τῆς
1004 4604 1093 4655 τοῦ
1136 4605 1265 4656 Θεοῦ
1306 4607 1532 4676 μορφῆς,
1568 4607 1681 4658 οὐδὲ
1707 4609 1800 4676 τὴν

273 4695 347 4758 ὡς
389 4699 445 4747 ἐν
481 4692 780 4763 ἀνθρώποις
820 4693 992 4760 εὐειδῆ
1035 4695 1124 4744 καὶ
1158 4695 1458 4764 εὐσχήμονα
1489 4696 1803 4761 κατελέξατο

279 4783 732 4855 προσωποποιίαν,
767 4783 882 4834 οὐδὲ
917 4783 1011 4851 μὲν
1038 4783 1160 4853 δόξῃ
1196 4787 1260 4852 τῇ
1297 4787 1421 4852 παρ’
1446 4785 1799 4855 ἀνθρώποιςῆ

279 4875 542 4944 κοσμικῆς
587 4889 730 4934 τινος
774 4872 1036 4941 ὑπεροχῆς
1069 4872 1316 4942 περιϐολῇ
1357 4875 1444 4926 τὸν
1477 4875 1800 4944 ἀνθρώπινον

276 4961 511 5033 διεξῆλθε
549 4962 676 5031 βίον,
707 4961 910 5030 μορφὴν
937 4961 991 5012 δὲ
1020 4960 1199 5013 δούλου
1231 4962 1322 5014 καὶ
1356 4961 1593 5016 διακόνου
1630 4965 1802 5017 λαϐὼν

279 5050 632 5103 ἐταπείνωσεν
677 5049 858 5102 ἐαυτὸν
905 5049 993 5100 καὶ
1043 5049 1256 5116 γέγονεν
1294 5051 1366 5112 ώς
1406 5052 1697 5122 ἄνθρωπος,
1745 5058 1800 5107 ὲν

283 5139 459 5210 πληγῇ
488 5139 562 5190 ῶν
586 5138 678 5190 καὶ
703 5137 852 5199 εἰδὼς
877 5139 1057 5207 φέρειν
1087 5139 1367 5207 μαλακίαν,
1391 5141 1732 5212 ἀπέστραπτο
1751 5145 1806 5196 δὲ

284 5229 373 5280 καὶ
405 5228 781 5298 ἀποκέκρυπτο
823 5227 896 5295 (l)
925 5228 1020 5294 τῆς
1049 5227 1292 5297 θεότητος
1325 5229 1484 5281 αὑτοῦ
1515 5231 1572 5282 τὸ
1610 5233 1822 5303 ἔνδοξον,

285 5319 373 5372 καὶ
393 5319 569 5370 θεῖκὸν
587 5317 885 5386 πρόσωπον·
911 5317 974 5368 δι’
991 5318 1018 5368 ὃ
1048 5318 1137 5369 καὶ
1162 5319 1426 5388 ὴτιμὰσθη
1450 5321 1594 5390 παρὰ
1625 5325 1732 5382 τοῖ.⁸
1750 5322 1808 5373 τὸ

285 5405 610 5476 ἀνθρώπινον
638 5407 794 5458 αὑτοῦ
832 5407 984 5474 μόνον
1012 5409 1438 5477 κατανενοηκόσι,
1464 5413 1587 5479 παρ’
1614 5406 1691 5472 οἷς
1718 5411 1805 5463 καὶ

284 5496 380 5547 οὔκ
406 5496 650 5563 ἐλογίσθη
669 5495 763 5560 οῦχ
801 5495 943 5557 ὅπως
978 5497 1054 5557 εἰς
1086 5497 1212 5547 Υἰὸν
1251 5497 1401 5560 Θεοῦ,
1439 5500 1550 5552 ἀλλ’
1591 5500 1695 5551 οὐδ’
1727 5501 1804 5561 εἰς

353 5584 542 5636 ‘Joan.
579 5599 652 5643 vi,
681 5583 780 5644 42;
808 5582 988 5636 Matth.
1035 5599 1152 5648 xui,
1183 5585 1268 5639 55.
1346 5591 1364 5618 ²
1395 5588 1531 5644 Psal.
1569 5605 1626 5651 ιι,
1663 5589 1714 5642 ‘2.

357 5673 432 5742 (Ι)
460 5671 707 5727 Fortasse
729 5673 824 5738 leg.
845 5671 1230 5741 ἀπεκέκρυπτο.
1257 5675 1404 5733 Eutr.

1906 4519 2200 4572 humiliavit
2225 4519 2569 4586 semetipsum
2597 4526 2650 4571 et
2680 4518 2852 4570 factus
2878 4524 2958 4570 est
2987 4524 3041 4566 ut
3059 4515 3220 4566 homo
3237 4529 3433 4577 verus;

1904 4599 2189 4676 despectus
2219 4615 2271 4661 et
2298 4609 2474 4661 sciens
2497 4607 2850 4666 infirmitates,
2884 4604 3026 4658 exuit
3050 4602 3437 4668 absconditque

1905 4694 2200 4749 divinitatis
2226 4710 2336 4748 sua:
2368 4696 2674 4763 praeclaram
2707 4695 3047 4758 divinamque
3077 4689 3322 4756 figuram.
3351 4687 3435 4741 ld-

1906 4785 2050 4839 circo
2080 4787 2364 4854 despectus
2397 4793 2479 4838 est
2506 4785 2573 4837 ab
2612 4785 2677 4837 iis
2717 4784 2807 4851 qui
2843 4779 3212 4834 tantummodo
3243 4779 3435 4832 huma-

1903 4875 2125 4928 nitatem
2153 4875 2270 4942 ejus
2298 4875 2672 4943 respiciebant,
2715 4889 2812 4926 nec
2859 4885 2980 4924 eum
3014 4867 3105 4921 Dei
3140 4867 3332 4920 Filium
3357 4883 3440 4921 re-

1902 4963 2180 5031 putabant,
2215 4977 2314 5015 nec
2349 4965 2505 5015 etiam
2540 4963 2745 5031 justum
2787 4961 3036 5028 aliquem.
3088 4955 3289 5025 Dicunt
3316 4971 3442 5011 vero

1903 5052 1994 5121 qui
2023 5053 2133 5105 haec
2158 5053 2347 5120 spiritu
2376 5055 2693 5121 intelligunt,
2718 5049 2871 5120 quasi
2895 5051 3219 5102 enarrantes
3251 5047 3448 5099 docen-

1900 5149 2088 5210 tesque
2119 5141 2278 5210 hujus
2314 5144 2550 5229 mysterii
2584 5144 2879 5196 rationem:
2907 5156 2924 5186 ι
2959 5135 3055 5188 llic
3090 5140 3316 5200 peccata
3350 5147 3450 5185 no.

1901 5239 2011 5284 stra
2039 5233 2158 5285 tulit
2189 5239 2240 5284 et
2271 5248 2366 5300 pro
2395 5223 2549 5286 nobis
2577 5246 2767 5300 passus
2797 5236 2902 5282 est.
2936 5245 2954 5276 ι
2987 5223 3264 5276 Videbam
3288 5223 3452 5298 enim.

1901 5330 2057 5389 prout
2080 5321 2367 5391 prophetae.
2392 5337 2622 5390 quonam
2651 5320 2811 5375 modo
2840 5317 2930 5370 fiet
2957 5333 2974 5364 ι
3009 5314 3203 5381 Agnus
3227 5309 3343 5370 Dei,
3370 5311 3463 5376 qui

1900 5412 2036 5464 tollit
2069 5423 2279 5478 peccata
2311 5413 2492 5465 mundi
2526 5413 2565 5462 ⁸.
2607 5432 2624 5464 ι
2658 5410 2789 5463 Post
2818 5407 2936 5459 hinc
2971 5399 3309 5469 subjicitur:
3345 5412 3365 5444 ι
3402 5394 3469 5446 Et

1900 5515 1998 5554 nos
2032 5502 2333 5577 putavimus
2359 5517 2480 5556 eum
2510 5502 2659 5570 quasi
2705 5501 3014 5567 leprosum,
3045 5499 3098 5546 et
3138 5496 3472 5558 percussum

1793 5589 1811 5618 ³
1835 5587 1967 5643 Joan
1998 5605 2035 5654 ι,
2065 5590 2150 5645 29.
