3952 6368
211 373 332 429 1255

1181 349 1464 406 ECLOGAS
1503 341 1965 400 PROPIIETICJ'Z.
2005 370 2074 382 ——
2109 340 2236 394 LIB.
2277 339 2387 407 Νη

3207 343 3340 397 ιεδι

207 487 255 537 δὲ
276 487 302 535 6
332 472 707 548 προειρημένος
734 471 860 539 ἡμῖν
889 468 1084 528 δίκαιος
1114 461 1273 535 ἦρται
1313 468 1374 518 ὲκ
1411 465 1570 534 μέσου
1610 461 1720 514 ἀδι-

1838 457 2026 512 ihlalus
2055 467 2136 513 est
2209 457 2415 513 medeio
2441 457 2756 526 iniquitatis,
2805 459 2898 514 sed
2931 467 2983 513 et
3016 475 3033 507 ι
3063 458 3159 511 viri
3185 458 3342 526 justi,

209 572 338 632 κίας,
379 562 508 618 ἀλλά
551 561 641 612 καὶ
677 577 694 608 ι
745 557 928 626 ἄνδρες
964 554 1178 615 δίκαιοι,
1217 571 1234 602 ι
1272 552 1452 621 φησὶν,
1488 569 1506 600 ι
1543 550 1716 619 αἴρον-

207 677 304 719 ται,
342 675 360 707 ι
382 654 430 704 οἳ
463 651 552 704 καὶ
580 648 727 700 αὐτοὶ
753 642 856 697 εἷεν
882 644 944 697 ἂν
977 645 1023 695 οἱ
1055 643 1184 712 ἱεροὶ
1214 641 1305 693 τοῦ
1331 637 1560 710 Χριστοῦ
1588 639 1718 690 ἀπό·

208 746 385 800 στολοι.
409 741 498 793 καὶ
533 739 581 789 οἱ
624 735 905 802 θαυμάσιοι
945 729 1100 783 αὑτοῦ
1131 731 1414 799 μάρτυρες,
1447 729 1494 779 oi
1525 729 1717 797 μετοχῇ

206 839 293 905 τῆς
340 831 496 886 αὐτοῦ
540 825 874 894 δικαιοσύνης
905 824 1101 876 δίκαιοι
1146 823 1236 873 καὶ
1279 820 1426 872 αὐτοὶ
1457 817 1721 889 χρηματί-

207 927 370 989 ζοντες
391 940 402 952 ·
455 919 654 971 τούτων
708 916 750 968 δ’
799 911 1210 981 ἐπιτελουμένων
1271 909 1469 969 οὐδεὶς,
1528 906 1684 974 φησιν
1705 942 1720 966 ,

208 1017 400 1076 ἔϐλεπε,
431 1011 520 1064 καὶ
542 1009 714 1069 οὐδεὶς
737 1004 997 1063 κατενόει,
1020 1002 1123 1054 τῶν
1146 998 1534 1069 παχυνθέντων,
1563 996 1718 1065 δῆλον

206 1105 245 1157 δ’
271 1105 344 1156 ὅτι
367 1102 460 1169 τὴν
485 1097 726 1167 καρδίαν,
747 1095 839 1146 καὶ
859 1093 964 1146 τῶν
983 1091 1258 1162 μυσᾶντων
1281 1081 1402 1149 τοὺς
1425 1085 1724 1153 ὀφθαλμοὺς

205 1192 289 1245 τοῦ
323 1189 392 1259 μὴ
437 1188 664 1256 βλέπειν,
696 1183 830 1252 πρὸς
882 1180 973 1242 οὓς
1000 1180 1065 1231 τὰ
1107 1178 1231 1246 ἑξῆς
1267 1176 1362 1244 τῆς
1397 1173 1722 1244 προφητείας

206 1256 422 1348 λέγεται,
451 1278 517 1329 τὰ
549 1277 652 1328 ἀπὸ
683 1273 794 1326 τοῦ·
831 1291 848 1322 ι
898 1271 1080 1339 Ὑμεῖς
1107 1269 1160 1319 δὲ
1204 1265 1571 1336 προσαγάγετε
1603 1256 1722 1327 ὧδε,

207 1371 300 1423 υἱοὶ
323 1369 524 1437 ἄνομοι,
555 1364 773 1433 σπέρμα
805 1359 998 1430 μοιχῶν
1023 1359 1114 1411 καὶ
1147 1358 1362 1426 πόρνης.
1400 1373 1418 1404 ι

595 1475 659 1544 (Γ.
695 1472 780 1539 59)
814 1467 1194 1522 ΚΕΦΛΛΑΙΟΝ
1236 1467 1320 1518 A'.

272 1585 289 1617 ι
310 1565 415 1619 Καὶ
429 1562 817 1631 φοϐηθήσονται
838 1561 884 1610 oi.
906 1557 1008 1610 ἀπὸ
1027 1554 1238 1624 δυσμῶν
1251 1552 1309 1605 τὸ
1327 1552 1493 1620 ὄνομα
1507 1548 1701 1620 Κυρίου
1711 1588 1727 1610 ,

202 1653 287 1707 καὶ
327 1654 370 1704 οἱ
398 1651 486 1703 ἀπ’
519 1649 793 1702 ἀνατολῶν
817 1646 961 1717 ἡλίου
997 1643 1056 1696 τὺ
1085 1643 1250 1710 όνομα
1273 1641 1331 1692 τὸ
1360 1638 1588 1701 ἔνδοξον·
1613 1636 1729 1706 ἥξει

205 1745 301 1813 γὰρ
331 1743 400 1804 ῶς
444 1739 676 1809 ποταμὸς
720 1737 886 1807 βίαιος
913 1737 945 1805 ἡ
973 1734 1104 1802 ὀργὴ
1147 1730 1289 1800 παρά
1323 1728 1524 1798 Κυρίου
1545 1767 1558 1790 ,
1611 1726 1728 1813 ἥξει

1817 554 1911 614 ait,
1952 549 2284 610 auferuntur,
2317 567 2337 599 ι
2389 551 2478 617 qui
2529 556 2581 602 et
2629 550 2730 618 ipsi
2778 557 2904 603 sunt
2941 549 3112 604 sancti
3143 543 3347 602 Chrisli

1819 641 2066 709 apostoli,
2098 639 2471 707 mirabilesque
2517 638 2631 706 ejus
2664 646 2941 708 martyres,
2991 639 3082 706 qui
3128 637 3348 704 justitia’.

1819 730 1936 797 ejus
1965 726 2368 797 participatione
2399 735 2449 781 et
2487 726 2586 795 ipsi
2611 726 2742 793 justi
2770 726 2940 780 effecti
2972 733 3115 781 sunt.
3145 724 3346 778 Horum

1819 833 1945 871 vero
1978 816 2332 885 perfectorum
2375 816 2575 876 nullus,
2609 815 2702 878 ait,
2745 813 2896 877 vidit,
2931 816 3216 883 nullusque
3256 829 3344 868 re-

1823 908 2025 976 putavit
2075 915 2294 975 propter
2336 905 2516 958 cordis
2565 904 2996 965 crassitudinem,
3035 907 3347 958 oculorum-

1823 1013 1926 1066 que
1953 995 2234 1049 obductam
2272 994 2569 1062 caliginem,
2607 993 2670 1046 ad
2706 1009 2841 1060 quos
2867 994 3069 1062 reliqua
3106 1001 3349 1062 spectant

1823 1085 2134 1154 prophetizc,
2173 1083 2379 1137 scilicet
2398 1081 2464 1133 ah
2496 1081 2577 1134 his
2613 1082 2790 1135 verbis
2819 1099 2831 1134 :
2865 1099 2882 1130 ι
2912 1079 3017 1134 Vos
3051 1091 3226 1136 autem
3257 1097 3348 1136 ae-

1824 1174 1993 1225 cedite
2016 1172 2137 1236 huc,
2164 1171 2255 1224 ﬁlii
2285 1170 2658 1239 auguratrieis,
2697 1185 2876 1222 semen
2911 1170 3137 1224 adulteri
3161 1181 3214 1226 et
3246 1171 3351 1226 for-

1826 1278 2058 1316 ΙηιῖίὶῐῚὲῙΞ.
2093 1281 2110 1312 ι

2342 1438 2353 1447 ’
2378 1447 2600 1502 CAPUT
2640 1447 2803 1501 XXX.

1904 1561 1922 1592 ι
1955 1539 2017 1592 Ει
2046 1539 2340 1601 timebunt,
2375 1539 2464 1607 qui
2497 1537 2564 1590 ab
2593 1537 2873 1590 occidente
2895 1576 2908 1600 ,
2947 1553 3143 1592 nomen
3180 1535 3358 1593 Domi—

1833 1633 1917 1695 ni,
1946 1640 1999 1685 et
2031 1631 2122 1699 qui
2151 1630 2218 1682 ab
2239 1639 2356 1683 ortu
2389 1628 2520 1682 solis
2539 1667 2554 1690 ,
2584 1629 2808 1697 gloriam
2835 1627 2972 1692 ejus.
3000 1625 3191 1680 Veniet
3216 1630 3360 1683 enim

1833 1723 1985 1792 quasi
2035 1722 2227 1776 ﬂuvius
2282 1721 2547 1774 violentus
2595 1720 2674 1772 ira
2724 1717 2966 1779 Domini,
3013 1718 3189 1772 veniet
3236 1734 3359 1772 cum

217 1791 398 1813 ,Ὗ
660 1791 730 1807 υ.
869 1791 883 1798 -
936 1791 945 1805 .
1225 1791 1234 1800 .
1413 1791 1424 1798 .
1634 1791 1643 1795 -

209 1835 334 1900 μετὰ
367 1829 552 1899 θυμοῦ.
612 1829 725 1879 Καὶ
754 1824 868 1894 ἥξει
895 1824 1075 1874 ’ἐνεκεν
1101 1818 1232 1870 Σιὼν
1259 1820 1295 1868 ὁ-
1318 1816 1599 1888 ῥυόμενος,
1637 1812 1726 1864 καὶ

1838 1791 2124 1868 iracundia.
2171 1811 2234 1865 Et
2283 1812 2460 1866 veniet
2511 1809 2638 1863 Sion
2677 1809 3000 1876 redemptor,
3049 1816 3102 1862 et
3147 1808 3226 1862 eis
3265 1809 3361 1877 qui

207 1919 514 1988 ἀποστρέψει
560 1917 810 1978 ἀσεϐείας
836 1913 941 1967 ἀπὸ
971 1908 1178 1973 Ἰακὼϐ,
1220 1903 1336 1958 εἷπε
1372 1903 1590 1973 Κύριος.
1621 1901 1728 1952 Καὶ⁹

208 2008 333 2077 αῦτη
351 2010 526 2071 αὐτοῖς
553 2011 587 2078 ἡ
609 2008 738 2076 παρ’
761 2004 888 2074 ἐμοῦ
909 2001 1154 2069 διαθήκη*
1175 1997 1247 2050 Τὸ
1261 1993 1477 2064 Πνεῦμα
1498 1993 1556 2044 τὸ
1578 1991 1726 2060 ἐμὸν,

207 2101 233 2151 ὅ
254 2103 390 2152 ἐστιν
410 2101 500 2152 ἐπὶ
533 2101 633 2160 σοι,
661 2095 837 2150 καὶτὰ
860 2095 1072 2164 ῥήματα
1091 2131 1104 2152 ,
1125 2089 1159 2142 ἃ.
1186 2088 1358 2140 ἔδωκα
1382 2087 1458 2146 εἰς
1479 2084 1536 2134 τὸ
1561 2083 1730 2149 στόμα

211 2207 294 2242 σου
311 2230 324 2250 ,
355 2191 412 2242 ού
446 2188 516 2260 μὴ
549 2187 772 2258 ἐκλείπῃ
800 2187 864 2236 ὲκ
892 2181 981 2234 τοῦ
1006 2177 1265 2249 στόματός
1295 2191 1383 2226 σου
1405 2213 1418 2236 ,
1441 2173 1532 2224 καὶ
1552 2173 1614 2223 ὲκ
1639 2168 1730 2222 τοῦ

212 2280 459 2349 στόματος
489 2278 582 2330 τοῦ
618 2273 920 2346 σπέρματός
951 2289 1038 2324 σου
1063 2309 1076 2328 .
1100 2264 1216 2320 εἷπε
1247 2263 1443 2334 Κύριος
1465 2300 1478 2322 ,
1506 2259 1610 2312 ἀπὸ
1639 2258 1730 2310 τοῦ

210 2348 412 2421 νῦννκαὶ
455 2371 532 2431 εἰς
563 2367 653 2419 τὸν
681 2364 864 2419 αἰῶνα.
887 2381 904 2412 ι
964 2359 1124 2413 Πάλιν
1153 2357 1218 2410 τὰ
1249 2355 1343 2424 τῆς
1370 2353 1608 2420 κλήσεως
1634 2348 1734 2416 τῆς

210 2459 292 2510 διὰ
317 2459 406 2510 τοῦ
425 2457 672 2527 Σωτῆρος
692 2453 842 2524 ἡμῶν
865 2451 1130 2517 συστάσης
1150 2446 1206 2511 ἐξ
1228 2443 1390 2496 ἐθνῶν
1415 2437 1733 2527 Ἐκκλησίας

212 2546 298 2597 καὶ
323 2545 406 2596 διά
433 2525 632 2596 τούτων
660 2542 687 2592 6
711 2537 863 2606 λόγος
897 2533 1235 2606 προφητεύει.
1283 2529 1433 2590 Τίνες
1461 2526 1566 2595 γὰρ
1593 2525 1735 2578 ἄλλοι

213 2629 312 2684 εἱεν
332 2635 379 2684 oi
407 2632 681 2701 λεγόμενοι
714 2647 732 2678 ι
760 2625 865 2680 ἀπὸ
889 2624 1099 2694 δυσμῶν
1120 2663 1132 2687 ,
1159 2641 1177 2672 ι
1212 2620 1244 2689 ἢ
1269 2617 1353 2671 διὰ
1383 2617 1521 2679 τίνος
1547 2612 1738 2701 ὲφοϐἡί-

215 2718 374 2788 θησαν
411 2699 488 2770 τὸν
507 2699 673 2787 ὄνομα
705 2712 903 2783 Κυρίου
931 2710 999 2763 τά
1029 2707 1332 2763 παντοδαπὰ
1369 2704 1490 2773 ἔθνη
1515 2741 1529 2765 ,
1556 2701 1623 2753 τά
1653 2699 1739 2751 διὰ
1772 2721 1778 2735 ι

209 2807 306 2874 τῆς
340 2806 509 2876 Ἰησοῦ
541 2802 872 2864 διδασκαλίας
901 2797 1286 2867 καταλείψαντα
1315 2795 1406 2865 μὲν
1427 2793 1521 2862 τὴν
1549 2790 1737 2860 προτέ-

215 2913 309 2965 ραν
363 2893 455 2948 τοῦ
489 2895 624 2948 κατὰ
655 2894 750 2964 τὴν
784 2893 997 2960 ἄγνοιαν
1031 2888 1248 2948 σκότους
1281 2884 1480 2951 πλάνην
1504 2921 1518 2945 ,
1552 2882 1642 2932 ἐπὶ
1686 2878 1740 2930 δὲ

212 2987 297 3038 τὴν
315 2987 418 3037 τῶν
436 2986 569 3039 ὅλων
590 2985 717 3037 Θεὸν
741 2978 1201 3046 καταπεφευγότα;
1227 2974 1320 3036 Τίς
1336 2973 1379 3023 δ’
1396 2974 1422 3024 6
1448 2968 1593 3040 ἥξειν
1620 2985 1742 3038 προ-

1827 1904 2051 1957 redeunt
2108 1901 2174 1954 ab
2221 1900 2505 1969 iniquitate
2558 1898 2614 1950 in
2663 1897 2827 1951 Jacob
2883 1898 3013 1950 dicit
3065 1896 3357 1952 Dominus:

1828 1991 1939 2045 Hoc
1979 1991 2152 2045 fcedus
2182 2005 2358 2044 meum
2387 2003 2508 2042 cum
2545 1988 2658 2050 eis,
2697 1987 2826 2040 dicit
2864 1986 3154 2040 Dominus:
3193 1985 3363 2056 Spiri-

1827 2093 1914 2138 tus
1945 2097 2126 2147 meus,
2157 2081 2245 2150 qui
2277 2087 2358 2135 est
2388 2082 2441 2133 in
2471 2086 2524 2133 te
2547 2119 2562 2142 ,
2620 2086 2674 2132 et
2732 2079 2889 2132 verba
2927 2092 3043 2131 mea
3065 2117 3078 2140 ,
3113 2092 3232 2146 quae
3263 2091 3361 2146 po-

1830 2173 1913 2227 sui
1947 2175 1998 2224 in
2026 2187 2119 2225 ore
2159 2178 2272 2232 tuo,
2301 2185 2406 2223 non
2452 2168 2698 2223 recedent
2733 2165 2904 2220 deore
2931 2174 3041 2229 tuo,
3076 2177 3128 2219 et
3165 2165 3231 2219 de
3269 2179 3363 2217 ore

1831 2260 2047 2316 seminis
2074 2258 2187 2322 tui,
2219 2265 2272 2311 et
2315 2257 2379 2311 de
2404 2271 2495 2311 ore
2553 2253 2773 2310 seminis
2809 2253 3030 2307 seminis
3075 2252 3188 2315 tui,
3235 2253 3364 2306 dicit

1832 2351 2126 2412 Dominus,
2180 2349 2370 2402 amodo
2421 2355 2473 2401 et
2523 2362 2693 2415 usque
2730 2348 2785 2400 in
2825 2346 3212 2412 sempiternum
3249 2343 3288 2396 ¹.
3337 2361 3354 2391 ι
3418 2325 3424 2331 ’

1835 2441 2041 2495 Rursus
2088 2440 2154 2494 de
2205 2439 2438 2508 gentium
2493 2438 2790 2498 electione,
2829 2434 2910 2489 vel
2951 2433 3218 2497 Ecclesia,
3269 2447 3366 2500 per

1837 2529 2165 2582 Salvatorem
2198 2536 2438 2581 nostrum
2483 2525 2828 2594 pr0pheticus
2851 2523 3135 2576 annuntiat
3165 2535 3362 2575 sermo.

1832 2618 2062 2683 Quinam
2102 2617 2244 2671 enim
2289 2616 2376 2668 alii
2425 2623 2606 2668 essent
2635 2613 2724 2682 qui
2759 2613 2846 2665 hic
2879 2629 2896 2661 ι
2933 2612 2998 2664 ah
3037 2610 3311 2664 occidente
3342 2629 3360 2659 ι

1834 2716 2112 2770 vocantur,
2163 2708 2245 2760 vel
2291 2705 2637 2774 quamobrem
2691 2717 2882 2756 nomen
2918 2701 3124 2754 Domini
3168 2700 3365 2753 timue—

1838 2799 1944 2850 rint
1975 2798 2151 2850 omnis
2185 2797 2398 2864 generis
2429 2801 2616 2863 gentes
2637 2831 2650 2854 ,
2681 2807 2798 2860 qua:
2824 2789 2950 2844 Jesu
2980 2788 3225 2842 doctrina
3257 2786 3369 2856 pri-

1839 2891 2034 2944 stinum
2097 2901 2375 2947 errorem,
2440 2899 2654 2951 suasque
2714 2880 3029 2951 ignorantia!
3085 2877 3368 2945 caliginem

1839 2981 2105 3047 reliquere
2129 2988 2290 3044 atque
2321 2975 2386 3027 ad
2415 2975 2651 3028 omnium
2689 2971 2852 3026 Deum
2889 2969 3220 3038 confugere?
3247 2967 3369 3037 quis

211 3077 569 3145 φητευόμενος
587 3077 649 3125 ὲκ
671 3071 825 3132 Σιὼν,
856 3069 1137 3139 ῥυσόμενος
1164 3065 1251 3116 καλ⁹
1273 3059 1618 3129 ἀποστρέψων
1642 3059 1738 3126 τῆς

1841 3077 2015 3120 autem
2065 3073 2324 3118 venturus
2367 3078 2487 3116 esse
2522 3061 2924 3130 prophetizatus
2959 3059 3023 3112 de
3061 3057 3190 3111 Sion
3213 3097 3226 3119 ,
3277 3056 3368 3125 qui

213 3166 474 3234 προτέρας
502 3162 748 3222 ἀσεϐείας
769 3159 854 3211 τὸν
894 3154 1080 3209 Ἰακὼϐ
1099 3193 1112 3216 ,
1141 3153 1173 3222 ἢ
1199 3154 1226 3203 6
1256 3151 1418 3202 σῶσαι
1445 3147 1740 3216 παραγενό-

215 3270 368 3322 μενος
388 3252 455 3302 τὰ
480 3249 784 3302 ἀπολωλότα
808 3247 897 3298 καὶ
917 3246 972 3295 ἐν
993 3241 1210 3309 ἀσεϐείᾳ.
1227 3237 1477 3306 γεγονότα
1499 3235 1740 3303 πρόϐατα

211 3342 356 3394 οἴκου
400 3339 644 3409 Ἰσραὴλ,
685 3334 762 3399 οἷς
805 3331 1141 3403 διαθήσεσθαί
1189 3345 1315 3396 φησι
1346 3327 1405 3378 τὸ
1437 3327 1492 3378 ὲν
1531 3322 1744 3393 Χριστῷ

211 3431 430 3498 Πνεῦμα
451 3429 541 3481 τοῦ
568 3427 700 3481 Θεοῦ
738 3428 945 3497 ῥήματα
976 3423 1072 3492 τῆς
1097 3420 1307 3474 αἰωνίου
1341 3415 1509 3484 ζωῆς,
1544 3413 1578 3466 ἂ
1599 3413 1748 3465 δέδω-

215 3539 306 3574 κεν
326 3521 354 3571 ὁ
380 3522 564 3591 Πατὴρ
589 3523 665 3582 είς
688 3519 746 3572 τὸ
779 3517 870 3570 τοῦ
892 3513 1019 3567 Υίοῦ
1049 3511 1216 3581 στόμα
1235 3527 1248 3539 °
1276 3509 1310 3562 ἃ
1340 3507 1428 3560 καί
1455 3522 1582 3573 φησι
1608 3505 1744 3572 μήτε

217 3612 272 3676 ἐξ
312 3611 470 3664 αὐτοῦ
489 3651 504 3672 ,
543 3613 673 3680 μήτε
704 3608 806 3678 μὴν
836 3609 897 3658 ὲκ
930 3603 1020 3656 τοῦ
1048 3601 1302 3671 στόματος
1323 3598 1413 3649 τοῦ
1447 3598 1747 3664 σπέρματος

216 3702 376 3762 mitti
404 3701 686 3768 διαλείψειν
719 3698 822 3750 ἀπὸ
853 3695 943 3748 τοῦ
972 3694 1060 3748 νῦν
1091 3694 1181 3744 καὶ
1212 3691 1289 3752 είς
1315 3689 1402 3740 τὸν
1434 3685 1598 3741 αίῶνα
1623 3684 1748 3753 χρό-

217 3809 303 3844 νον
326 3809 340 3856 ;
370 3791 550 3844 Ταῦτα
578 3791 621 3842 δ’
646 3789 708 3842 ἂν
741 3787 823 3857 εἴη
850 3787 917 3839 τὰ
945 3787 1157 3856 ῥήματα
1184 3780 1273 3834 τοῦ
1300 3779 1622 3847 Εύαγγελίου
1650 3779 1748 3848 τῆς

220 3883 421 3952 Καινῆς
451 3880 734 3950 Διαθήκης,
760 3877 815 3938 ἃ,
848 3876 1016 3928 καίτοι
1048 3872 1304 3926 τοσούτων
1341 3870 1746 3922 ἐπιϐουλευσάν-

221 3989 323 4024 των
355 3989 412 4024 τε
446 3971 607 4023 πάλαι
639 3970 730 4022 καὶ
754 3968 831 4020 ἔτι
857 3966 948 4019 νῦν
980 3962 1420 4016 ἐπιϐουλευόντων
1443 3962 1620 4022 αὐτοῖς
1645 3999 1658 4021 ,
1686 3961 1744 4011 οὐ

222 4061 492 4124 διέλειπεν,
523 4061 638 4113 οὐδὲ
665 4059 766 4129 μὴν
793 4055 1049 4124 ἐπιλείψει
1072 4056 1133 4106 ὲκ
1159 4053 1249 4105 τοῦ
1279 4052 1534 4122 στόματος
1563 4051 1659 4120 τῆς
1685 4053 1747 4102 ἐκ

223 4151 311 4202 τοῦ
332 4151 542 4218 λογικοῦ
563 4152 652 4203 καὶ
669 4147 854 4219 νοητοῦ
884 4146 1183 4216 σπέρματος
1201 4142 1292 4195 τοῦ
1313 4140 1541 4212 Χριστοῦ
1567 4158 1625 4193 συ
1635 4141 1748 4193 στά-

227 4256 320 4310 σης
363 4241 678 4311 Ἐκκλησίας
697 4256 710 4269 ·
752 4235 866 4291 εἷπε
900 4237 1008 4307 γὰρ
1034 4235 1230 4304 Κύριος
1257 4233 1347 4296 καὶ
1377 4232 1747 4300 ἀποπέφανται

224 4331 312 4383 τοῦ
338 4333 408 4402 μὴ
434 4331 725 4398 ἐξαλείφειν
751 4327 883 4379 αύτά
915 4326 1017 4378 ἀπὸ
1046 4324 1135 4377 τοῦ
1168 4324 1258 4377 νῦν
1280 4323 1372 4375 καὶ
1400 4325 1476 4384 είς
1501 4322 1589 4374 τὸν
1620 4321 1746 4373 αἰῶ-

1841 3153 2125 3206 redimeret
2151 3159 2204 3204 et
2235 3166 2263 3202 a
2299 3151 2526 3218 pristina
2557 3149 2840 3216 iniquitate
2870 3147 3151 3201 reduceret
3180 3145 3367 3206 Iacob,

1841 3243 1922 3295 vel
1955 3240 2333 3309 superveniens
2361 3238 2595 3307 perditas
2626 3237 2857 3290 salvaret
2891 3246 3048 3304 atque
3088 3237 3142 3287 in
3187 3237 3374 3302 impie-

1843 3339 1948 3384 tate
1981 3330 2290 3399 provolutas
2325 3344 2450 3381 oves
2479 3328 2670 3380 domus
2709 3326 2872 3380 Israel
2894 3365 2908 3388 ,
2943 3325 3138 3393 quibus
3170 3326 3373 3378 consti-

1845 3428 2084 3474 tuturum
2118 3433 2174 3473 se
2208 3420 2262 3470 in
2285 3417 2499 3470 Christo
2524 3413 2756 3482 Spiritus
2782 3411 2871 3468 Dei
2904 3413 3184 3481 pollicetur
3212 3412 3373 3465 verba

1847 3512 1964 3564 vitae
2021 3515 2232 3562 acterna:
2260 3546 2274 3571 ,
2307 3522 2424 3576 qua:
2463 3504 2608 3559 dedit
2641 3504 2799 3557 Pater
2837 3503 2889 3555 in
2931 3517 3023 3554 ore
3054 3499 3214 3565 Filii;
3256 3515 3375 3568 qua:

1844 3610 1897 3655 et
1925 3600 2052 3654 dicit
2081 3613 2253 3667 neque
2291 3597 2356 3651 de
2393 3612 2486 3650 ore
2526 3595 2644 3662 ejus
2665 3633 2678 3655 ,
2723 3608 2896 3661 neque
2929 3593 2994 3645 de
3023 3607 3118 3644 ore
3150 3590 3374 3644 seminis

1844 3693 1960 3759 ejus
2001 3703 2269 3757 nunquam
2303 3700 2583 3740 recessura
2622 3683 2812 3737 amodo
2839 3691 2891 3738 et
2941 3697 3109 3751 usque
3141 3683 3193 3734 in
3236 3696 3377 3734 tem-

1846 3779 2157 3850 piternum?
2212 3776 2334 3830 Haec
2391 3775 2605 3845 quidem
2655 3783 2836 3828 essent
2886 3773 3046 3826 verba
3103 3771 3375 3838 Evangelii

1845 3872 1976 3926 Novi
2008 3868 2330 3926 Testamenti
2353 3907 2366 3929 ,
2401 3883 2551 3936 quae,
2588 3867 2687 3921 etsi
2742 3872 2820 3918 tot
2851 3865 2930 3918 eis
2970 3864 3093 3918 olim
3138 3861 3376 3916 insidiati

1847 3965 1952 4018 sint
1980 3972 2030 4016 et
2061 3977 2206 4016 nunc
2235 3975 2404 4029 usque
2442 3958 2792 4018 insidientur,
2823 3970 3098 4024 nunquam
3128 3952 3378 4007 deﬁcient

1846 4067 2017 4120 neque
2081 4049 2328 4105 recedent
2381 4049 2446 4102 de
2493 4062 2585 4101 ore
2648 4045 2922 4098 rationalis
2979 4042 3379 4109 spiritualisquc

1848 4141 2068 4196 seminis
2095 4138 2292 4193 Christi
2336 4137 2608 4190 Ecclesia.
2659 4133 2802 4186 Dixit
2829 4134 2970 4185 enim
3028 4129 3283 4183 Dominus
3325 4133 3378 4179 et

1848 4231 2154 4301 praedicavit
2178 4244 2240 4284 ea
2272 4243 2378 4282 non
2409 4227 2684 4280 defectura
2716 4238 2782 4278 ex
2816 4223 2916 4276 hoc
2947 4235 3091 4274 nunc
3128 4227 3181 4273 et
3209 4231 3379 4284 usque

1849 4323 1901 4376 in
1953 4321 2225 4375 sarculum.
2276 4318 2504 4386 Ideoque
2547 4316 2699 4383 juxta
2739 4313 2996 4367 Joannem
3049 4329 3067 4360 ι
3119 4316 3376 4363 aeternum

226 4436 310 4472 να’
438 4391 531 4474 καὶ
558 4391 694 4472 κατὰ
717 4417 804 4469 τὸν
830 4417 1072 4482 Ἰωάννην
1103 4433 1120 4464 ι
1145 4413 1352 4467 αἰώνιον
1375 4411 1697 4480 Εὑαγγέλιον
1724 4431 1738 4462 ι

1850 4411 2192 4480 Evangelium
2241 4409 2410 4463 visum
2467 4415 2548 4460 est
2598 4408 2685 4470 ³,»
2717 4401 2916 4458 Christi
2967 4400 3172 4455 scilicet
3214 4395 3382 4450 Evan-

223 4509 407 4578 ὁρᾶται
432 4512 493 4562 τὸ
519 4509 609 4562 τοῦ
644 4506 871 4576 Χριστοῦ
902 4504 1251 4570 Εύαγγέλιον.⁶

711 4594 1094 4649 ΚΕΦΑΛΑΙΟΝ
1147 4595 1245 4644 ΛΑ¹
1257 4632 1270 4644 .

299 4707 318 4741 ι
339 4689 554 4758 Πνεῦμα
581 4686 778 4755 Κυρίου
805 4684 885 4733 ἐπ’
915 4682 1032 4751 ἐμὲ,
1062 4673 1120 4732 οῦ
1144 4681 1322 4732 ἕνεκεν
1348 4680 1524 4750 ἔχρισε
1552 4697 1614 4749 με
1635 4696 1648 4709 ο
1684 4682 1749 4746 γι(

230 4778 420 4849 Κύριος
456 4771 893 4844 εὐαγγελίσασθαι
915 4773 1137 4839 πτωχοῖς
1162 4770 1458 4822 ἀπέσταλκε
1483 4787 1546 4838 με
1563 4810 1576 4832 ,
1603 4771 1750 4820 ἰάσα-

234 4867 348 4922 σθαι
388 4871 513 4931 τοὺς
564 4861 1037 4934 συντετριμμένους
1073 4859 1168 4930 τὴν
1212 4859 1460 4929 καρδίαν,
1522 4859 1749 4930 κηρύξαι

233 4961 579 5030 αἰχμαλώτοις
603 4959 807 5024 ἄφεσιν,
841 4953 931 5006 καὶ
957 4951 1168 5018 τυφλοῖς
1198 4949 1498 5016 ἀνάϐλεψιν,
1532 4949 1749 5002 καλέσαι

233 5049 461 5104 ἐνιαυτὸν
481 5047 679 5117 Κυρίου
696 5045 894 5106 δεκτδν,
923 5043 1014 5094 καὶ
1040 5041 1246 5110 ἡμέραν
1265 5039 1656 5101 ἀνταποδόσεως
1685 5042 1749 5107 Χ

241 5137 306 5208 τῷ
322 5139 437 5210 Θεῷ
456 5137 608 5208 ἡμῶν
626 5153 638 5165 ·
668 5132 1032 5204 παρακαλέσαι
1054 5129 1253 5192 πάντας
1275 5131 1394 5191 τοὺς
1414 5127 1751 5191 πενθοῦντας,

236 5227 438 5298 δοθῆναι
457 5231 564 5288 τοῖς
587 5223 831 5278 πενθοῦσι
856 5221 993 5274 Σιὼν
1015 5221 1165 5286 δόξαν
1189 5219 1304 5271 ἀντὶ
1333 5219 1543 5282 σποδοῦ,
1574 5220 1754 5290 ἀλειμ-

237 5333 309 5385 μα
331 5316 655 5386 εὐφροσύνης
675 5317 783 5376 τοῖς
813 5312 1076 5374 πενθοῦσι,
1110 5309 1429 5378 καταστολὴν
1454 5308 1604 5381 δόξης
1634 5312 1752 5364 ἀντὶ

241 5406 528 5474 πνεύματος
567 5403 812 5474 ἀκηδίας·
854 5403 947 5454 καὶ
978 5400 1324 5468 κληθήσονται
1355 5399 1532 5464 γενεαὶ
1559 5399 1752 5452 δικαιο-

238 5490 412 5564 σύνης,
447 5492 690 5561 φύτευμα
722 5492 918 5561 Κυρίου
942 5493 1016 5552 είς
1041 5489 1208 5554 δόξαν.
1242 5507 1257 5538 ι
1301 5490 1356 5538 'O
1389 5491 1449 5542 ὲκ
1477 5487 1574 5556 τῆς
1604 5489 1751 5557 ῥίζης

307 5645 322 5676 ⁸
361 5642 462 5699 lsa.
500 5657 622 5712 LIX,
661 5641 835 5695 l9-2l.
911 5643 928 5672 ¹
968 5641 1128 5709 Apoc.
1165 5657 1270 5704 ιιν,
1306 5641 1355 5693 6.

1851 4500 2062 4568 gelium.

2380 4583 2604 4640 CAPUT
2645 4579 2831 4635 XXXI.

1927 4698 1945 4730 ι
1977 4677 2211 4746 Spiritus
2257 4675 2468 4730 Domini
2513 4688 2676 4741 super
2718 4685 2836 4732 me,
2884 4681 2948 4722 eo
2985 4663 3128 4734 quod
3167 4659 3382 4716 unxerit

1853 4769 2108 4822 Dominus
2159 4782 2284 4820 me:
2337 4765 2402 4817 ad
2452 4757 2878 4816 annuntiandum
2926 4752 3186 4809 mendicis
3235 4748 3382 4803 misit

1853 4873 1968 4922 me,
2012 4863 2070 4909 ut
2112 4855 2357 4909 mederer
2400 4851 2646 4904 contritis
2690 4846 2886 4911 corde,
2933 4853 2987 4899 et
3035 4841 3380 4911 praedicarem

1851 4946 2074 5015 captivis
2113 4942 2530 5013 indulgentiam,
2567 4945 2620 4993 et
2658 4936 2860 4990 clausis
2905 4933 3277 5002 apertionem;
3323 4935 3382 4979 ut

1853 5036 2196 5105 pra-dicarem
2243 5047 2442 5086 annum
2488 5025 2802 5098 placabilem
2851 5022 3113 5083 Domino,
3159 5026 3212 5072 et
3240 5017 3378 5071 diem

1853 5125 2073 5178 ultionis
2113 5123 2222 5176 Deo
2265 5127 2482 5183 nostro;
2522 5124 2582 5171 ut
2619 5114 2929 5169 consolarer
2971 5124 3156 5165 omnes
3201 5108 3385 5177 lugen-

1854 5222 1934 5268 tes
1959 5231 1973 5278 ;
2003 5221 2062 5267 ut
2087 5225 2338 5283 ponerem
2370 5208 2674 5279 lugentibus
2704 5203 2834 5258 Sion
2871 5212 2925 5257 et
2955 5201 3138 5255 darem
3178 5198 3256 5252 eis
3294 5211 3386 5251 co-

1855 5319 2041 5358 ronam
2071 5318 2168 5373 pro
2198 5303 2410 5364 cinere,
2457 5299 2634 5353 oleum
2681 5294 2858 5364 gaudii
2899 5307 2998 5362 pro
3043 5292 3224 5349 luctu,
3267 5288 3384 5356 pal-

1855 5397 1984 5449 lium
2014 5395 2187 5449 laudis
2214 5409 2310 5463 pro
2338 5392 2530 5462 spiritu
2565 5387 2811 5443 maeroris
2837 5405 2848 5438 :
2883 5392 2936 5440 et
2965 5382 3300 5438 vocabuntur
3327 5381 3384 5433 in

1855 5501 1917 5542 ea
1950 5487 2114 5541 fortes
2138 5485 2361 5556 justitiaa
2381 5524 2395 5551 ,
2429 5479 2687 5552 plantatio
2720 5476 2930 5532 Domini
2962 5475 3028 5530 ad
3069 5469 3384 5544 gloriﬁcan-
