3952 6372
242 448 365 510 I237

1216 436 1496 502 ECLOGJE
1533 432 1997 501 PROPHETICL.
2033 474 2096 485 —
2138 440 2260 499 LIB.
2299 430 2388 498 ἰν.

3236 445 3370 502 1258

237 563 392 633 ταύτῃ
421 549 645 630 μάλιστα
672 558 998 623 πενθοῦντες,
1025 558 1082 610 ού
1109 559 1260 628 μόνον
1278 556 1364 609 διὰ
1390 556 1449 608 τὸ
1476 554 1747 625 πόρρωθεν
1792 554 2010 625 θεωρεῖν
2035 552 2136 615 τὰς
2163 550 2252 605 ’τεοὓ
2304 550 2434 603 θεοῦ
2472 551 2791 619 ἀπαγγελίας
2813 591 2827 615 ν
2866 552 2999 607 ἀλλά
3047 555 3140 608 καὶ
3174 554 3261 609 διὰ
3309 557 3370 610 τδ

237 656 500 728 συμπαθὲς
522 655 614 707 καὶ
641 653 1005 724 φιλάνθρωπον
1033 651 1423 721 συμπάσχοντες
1448 650 1540 702 καὶ
1568 648 1946 716 συναλγοῦντες
1959 650 2073 710 τοῖς
2110 644 2418 699 ἀσθενοῦσιν
2476 644 2673 699 ἐαυτῶν
2708 647 2905 714 μέλεσι,
2957 648 3048 704 καὶ
3093 652 3370 721 μονονουχὶ

235 751 449 819 βοῶντες
483 750 542 816 τῇ
570 746 661 799 τοῦ
695 746 1005 799 ’Λποστόλου
1035 745 1278 807 διαθέσει,
1297 743 1401 811 τῷ,
1436 762 1455 795 ι
1478 743 1569 805 Τίς
1590 743 1815 807 ἀσθενεῖ,
1849 744 1940 796 καὶ
1965 743 2062 794 οὐκ
2090 739 2321 804 ἀσθενῶς
2367 739 2449 800 τίς
2508 738 2901 802 σκανδαλίζεται
2972 742 3064 795 καί
3113 743 3209 795 οὐκ
3260 742 3370 811 ἐγὼ

236 837 525 907 πυροῦμαις
554 854 573 886 ι

719 927 1101 981 ΚΕΦΑΛΑΙΟΝ
1132 930 1251 983 AB’.

301 1033 317 1062 ι
341 1013 697 1080 ’Δγαλλιάσθω
729 1016 761 1083 ἠ
792 1013 930 1084 ψυχή
962 1032 1056 1085 μου
1086 1015 1174 1067 ἐπὶ
1198 1014 1276 1084 τῷ
1296 1014 1505 1083 Κυρίῳ·
1541 1013 1748 1065 ἐνέδυσε

233 1104 330 1173 γάρ
378 1120 443 1172 με
490 1102 699 1172 ἱμάτιον
738 1103 1017 1173 σωτηρίου,
1047 1105 1137 1156 καὶ
1168 1103 1361 1173 χιτῶνα
1390 1104 1746 1173 εὐφροσύνηςο

228 1192 506 1265 περιέθηκὲ
558 1210 646 1260 μοι
687 1193 760 1255 ὡς
791 1194 1001 1262 νυμφίῳ
1034 1194 1245 1264 μίτραν,
1283 1194 1374 1245 καὶ⁹
1417 1194 1490 1255 ὡς
1539 1193 1748 1263 νύμφην

227 1272 591 1350 κατεκόσμησέ
617 1299 682 1350 με
713 1282 910 1351 κόσμῳ.
935 1283 1042 1336 Καὶ
1069 1283 1143 1344 ὡς
1167 1283 1265 1352 γῆν
1289 1282 1547 1345 αὔξουσαν
1577 1281 1636 1333 τὸ
1654 1284 1747 1336 άν-

224 1370 308 1431 θος
336 1370 522 1439 αὐτῆς,
552 1370 647 1422 καλ⁵
670 1370 743 1433 ὡς
769 1372 935 1441 κῆπος
966 1371 1033 1423 τὰ
1057 1372 1335 1442 σπέρματα
1355 1372 1513 1424 αὐτοῦ
1542 1374 1749 1425 ἀνατέλ-

223 1456 317 1521 λει,
344 1457 513 1520 οὔτως
544 1459 783 1511 ἀνατελεῖ
808 1458 1002 1529 Κύριος
1042 1460 1238 1530 Κύριος
1281 1461 1631 1531 δικαιοσύνην,
1658 1464 1748 1514 κεί.)⁸

221 1546 526 1617 άγαλλίαμα
557 1549 789 1602 ἐναντίον
820 1549 1027 1601 πάντων
1055 1550 1158 1601 τῶν
1185 1549 1368 1602 ἐθνῶν.
1399 1570 1417 1601 ι
1437 1552 1498 1603 Ἠ
1527 1551 1619 1603 τοῦ
1643 1553 1750 1603 Κυ-

223 1635 332 1703 ρίου
365 1635 520 1705 ἡμῶν
554 1637 728 1706 Ἰησοῦ
770 1639 997 1708 Χριστοῦ
1035 1640 1197 1711 ψυχὴ,
1230 1642 1352 1711 περὶ
1376 1637 1443 1712 ἧς
1473 1642 1619 1710 ἐλεγε
1648 1644 1707 1695 τό
1729 1651 1742 1672 ⁸

221 1744 239 1774 ι
267 1726 571 1795 Περίλυπός
595 1728 739 1780 ἐστιν
764 1730 796 1798 ἡ
819 1729 956 1799 ψυχή
983 1747 1102 1800 μου,
1128 1749 1144 1781 ι
1177 1731 1269 1784 καὶ
1300 1729 1357 1784 τό
1374 1748 1386 1761 ⁸
1423 1752 1440 1782 ι
1470 1732 1580 1785 Νῦν
1603 1735 1635 1803 ἡ
1655 1733 1748 1801 ψυο

213 1816 276 1885 χή
304 1832 405 1884 μου
437 1816 787 1887 τετάρακται,
812 1837 831 1869 ι
868 1820 950 1870 ἐπ’
986 1820 1154 1872 οὐδενὶ
1184 1820 1288 1872 τῶν
1325 1822 1558 1892 γενητῶν
1585 1823 1747 1889 ἀγαλ-

209 1900 294 1971 λιᾷ
322 1902 414 1954 καὶ
436 1904 806 1973 εὐφραίνεται,
833 1905 864 1974 ἢ
892 1906 981 1957 ἐπὶ
1013 1907 1153 1976 μόνῳ
1191 1908 1267 1978 τῷ
1306 1908 1476 1979 Πατρὶ
1507 1909 1597 1961 καὶ
1641 1911 1747 1961 Κυο

213 1990 306 2059 ρίῳ
323 2007 336 2019 ·
370 1991 592 2044 ἐνέδυσε
617 1992 720 2061 γάρ
758 2009 837 2044 τοι
881 1993 1037 2044 αὑτὸν
1063 1986 1236 2063 τὸτῆς
1258 1984 1498 2064 θεότητος
1519 1995 1743 2065 ἱμάτιον,

208 2080 297 2131 καὶ
322 2080 413 2131 τὸν
440 2080 539 2149 τῆς
576 2080 801 2151 ἀληθοῦς
826 2083 914 2133 καὶ
943 2073 1146 2143 τελείας
1177 2083 1504 2152 εὐφροσύνης
1530 2083 1741 2152 χιτῶναο

205 2165 339 2217 ἀλλά
373 2168 470 2220 κα)⁸
508 2169 542 2237 η
582 2167 649 2237 (ὁ)
685 2168 783 2237 μὲν
811 2166 1035 2238 νυμφίος
1066 2170 1269 2239 ὑπῆρχε
1298 2171 1391 2239 τῆς
1425 2170 1496 2240 μὴ
1524 2171 1745 2242 ἐχούσης

206 2254 391 2308 σπῖλον
432 2258 465 2327 ἢ
508 2258 695 2327 ῥυτίδα
725 2257 933 2328 νύμφης
964 2259 1296 2327 Ἐκκλησίας,
1327 2259 1400 2321 ὡς
1428 2260 1634 2329 νυμφίῳ
1666 2259 1748 2329 μί-

202 2360 333 2414 τραν
358 2340 499 2416 αὐτῇ
534 2346 623 2415 (ᾧ)
657 2346 990 2419 περιέθηκεν,
1016 2349 1048 2418 ἡ
1084 2345 1139 2400 δὲ
1167 2348 1346 2418 νύμφη
1370 2347 1468 2416 τῆς
1497 2349 1747 2401 ἀνωτάτω

200 2431 292 2483 τοῦ
321 2431 493 2500 ψόγου
515 2433 781 2503 θεότητος,
802 2435 865 2504 ἢν
892 2433 966 2497 ὡς
993 2436 1202 2505 νύμφην
1229 2436 1393 2505 αὐτὴν
1413 2436 1745 2505 κατεκόσμη-

200 2537 259 2572 σε
308 2522 387 2590 τῷ
422 2522 687 2593 πρέποντι
732 2522 990 2592 πνεύματι
1020 2524 1309 2594 Κυρίῳ(ου)
1355 2524 1566 2593 κόσμῳ·
1617 2524 1748 2577 ἀλλά

199 2609 292 2663 καὶ
323 2610 400 2673 ῶς
439 2611 674 2682 εὔφορον
721 2612 810 2664 καὶ
838 2612 1042 2683 ἀγαθὴν
1071 2614 1170 2683 γῆν
1195 2614 1532 2682 ἐγεώργησεν
1560 2613 1742 2682 αὐτὴν,

194 2699 276 2751 ἐτι
306 2717 365 2751 τε
394 2700 475 2763 ὡς
502 2701 679 2769 κῆπον
706 2700 930 2765 αὔξοντα
960 2703 1050 2754 καὶ
1074 2701 1324 2754 θάλλοντα
1364 2704 1472 2764 τοῖς
1503 2702 1559 2754 ἐν
1604 2702 1745 2771 αύτῷ

194 2786 574 2859 βλαστήμασι,
602 2784 680 2852 οἷς
727 2791 817 2843 καὶ
863 2792 892 2842 ό
939 2790 1100 2861 μέγας
1130 2791 1222 2844 τοῦ
1266 2790 1395 2844 Θεοῦ
1432 2790 1746 2861 παράδεισος

189 2878 718 2947 καταπεφυτεῦσθαι
760 2879 1186 2946 λέγεται.Ἔσται
1229 2878 1283 2931 δὲ
1330 2877 1517 2941 ταῦτα,
1565 2879 1741 2947 φησὶν,

190 2967 319 3020 ἐπεὶ
344 2968 562 3031 δίκαιος
583 2968 656 3020 ῶν
681 2968 898 3039 Κύριος,
930 2969 1019 3022 καὶ
1040 2970 1098 3021 οὔ
1125 2970 1277 3040 μόνον
1306 2970 1584 3031 Ἰουδαίων,
1614 2971 1743 3023 ἀλλά

188 3059 286 3110 καὶ
318 3058 504 3111 ἐθνῶν
529 3059 778 3128 ὑπάρχων
799 3057 945 3119 Θεὸς,
964 3058 1191 3109 ἀνέτειλε
1219 3059 1314 3128 τὴν
1342 3059 1527 3111 ἐαυτοῦ
1551 3058 1745 3109 δικαιο-

190 3147 387 3218 σύνην,
423 3146 573 3198 τοῦτ’
604 3146 716 3197 ἐστι
750 3147 837 3197 τὸν
870 3145 1092 3216 Χριστὸν
1133 3148 1312 3209 αὑτοῦ,
1350 3147 1579 3199 ἐναντίον
1606 3148 1743 3199 πάν·

178 3254 295 3289 των
327 3236 448 3287 τῶν
475 3233 546 3285 δι’
572 3234 730 3285 αὐτοῦ
758 3234 1107 3286 πιστευόντων
1131 3234 1313 3286 ἐθνῶν.

712 3325 1091 3378 ΚΕΦΑΔΛΙΟΝ
1128 3326 1246 3378 AF’.

259 3434 282 3465 ‹
301 3415 526 3483 Ἀρατε
558 3412 823 3482 σύσσημον
867 3415 944 3476 εἰς
984 3415 1050 3467 τὰ
1074 3414 1215 3484 ἔθνη.
1234 3416 1360 3468 Ἰδοὺ
1391 3415 1513 3483 γὰρ,
1547 3416 1744 3486 Κύριος

175 3506 458 3575 ἐποίησεν
495 3503 751 3554 ἀκουστὸν
790 3502 889 3565 ἓως
921 3504 1140 3573 ἐσχάτου
1168 3505 1264 3574 τῆς
1294 3506 1411 3575 γῆς.
1447 3504 1645 3557 Εἴπατε
1678 3510 1738 3575 τῇ

175 3596 431 3666 θυγατρὶ
466 3590 606 3645 Σιών
628 3610 641 3623 σ
683 3592 807 3646 Ἰδού
836 3610 915 3646 σοι
945 3597 972 3648 ὁ
996 3594 1180 3665 Σωτὴρ
1214 3595 1572 3664 παραγέγονεν
1605 3596 1740 3665 ἔχων

173 3688 273 3739 τὸν
323 3681 543 3738 ἑαυτοῦ
593 3684 773 3752 μισθὸν
804 3684 917 3752 μετ’
949 3684 1128 3748 αὐτοῦ,
1160 3685 1251 3736 καὶ
1299 3685 1360 3737 τὺ
1402 3684 1556 3755 ἔργον
1582 3686 1738 3737 αὐτοῦ

174 3771 292 3841 πρὸ
324 3765 633 3839 προσώπου
662 3767 821 3820 αὐτοῦ
840 3785 854 3799 ·
886 3769 978 3821 καὶ
1008 3769 1216 3822 καλέσει
1244 3770 1399 3823 αὐτὸν
1423 3771 1545 3823 λαὸν
1570 3772 1737 3839 ἅγιον,

172 3854 612 3927 λελυτρωμένον
639 3855 739 3908 ὑπὸ
766 3856 963 3927 Κυρίου
981 3873 994 3887 ο
1026 3858 1087 3909 σὺ
1110 3857 1165 3910 δὲ
1201 3858 1438 3930 κληθήσῃ
1462 3860 1739 3929 ἐπιζητου-

172 3944 324 4016 μένη
348 3942 543 4005 πόλις,
571 3943 661 3994 καὶ
673 3943 769 3995 οὐκ
794 3944 1328 4016 ἐγκαταλελειμμένη.
1346 3965 1464 3999 ι-ι
1489 3946 1580 4008 Τίς
1594 3944 1741 4012 οὗτος

166 4036 201 4088 ὁ
214 4031 689 4102 παραγενόμενος
704 4030 761 4095 ἐξ
775 4032 967 4103 Ἑδὼμ,
993 4033 1235 4105 ἐρύθημα
1264 4036 1485 4105 ἱματίων
1497 4037 1654 4092 αὐτοῦ
1677 4043 1740 4091 ἐκ

166 4121 395 4191 Βοσόρς
426 4117 621 4181 Οὕτως
638 4119 833 4189 ὡραῖος
847 4121 901 4172 ἐν
918 4124 1071 4190 στολῇ
1088 4122 1267 4185 αὐτοῦ,
1282 4123 1369 4194 βίᾳ
1384 4124 1515 4193 μετά
1533 4126 1736 4194 ίσχύος;

175 4208 338 4277 Ἐγὼ
357 4208 689 4277 διαλέγομαι
703 4207 1033 4279 δικαιοσύνην
1054 4211 1145 4263 καὶ
1167 4211 1337 4280 κρίσιν
1354 4229 1630 4283 σωτηριου.
1646 4214 1740 4267 Διά

162 4301 223 4353 τί
248 4317 352 4352 σου
387 4296 609 4367 ἐρυθρὰ
631 4297 699 4349 τὰ
727 4298 929 4368 ἱμάτια,
949 4300 1042 4352 καὶ
1063 4301 1132 4354 τά
1149 4301 1414 4371 ἐνδύματά
1435 4318 1523 4355 σου
1547 4303 1620 4365 ὡς
1637 4304 1740 4356 ἀπὸ

160 4386 439 4456 πατητοῦ
479 4384 677 4455 ληνοῦ;
706 4386 918 4456 Πλήρης
945 4389 1476 4460 καταπεπατημένης,
1508 4390 1597 4441 καὶ
1634 4390 1739 4441 τῶν

159 4476 353 4529 ἐθνῶν
377 4474 494 4526 οὐκ
519 4471 662 4524 ἐστιν
693 4472 828 4541 ἀνὴρ
862 4475 973 4542 μετ’
1002 4474 1155 4542 ἐμοῦ,
1172 4477 1264 4528 καὶ
1290 4477 1629 4546 κατεπάτησα
1648 4477 1741 4529 αὐ-

154 4568 300 4629 τοὺς
328 4568 398 4620 ἐν
432 4560 597 4631 θυμῷ
638 4578 758 4631 μου.
780 4580 799 4612 »
832 4561 995 4614 Πάλιν
1020 4565 1246 4617 ἐνταῦθα
1266 4569 1298 4634 ἡ
1323 4567 1612 4636 προφητεία
1640 4584 1742 4619 πασς

157 4651 557 4725 ρακελεύεται
586 4649 764 4701 λαϐεῖν
797 4649 1064 4720 σύσσημον
1089 4653 1212 4721 περὶ
1236 4654 1329 4722 τῆς
1362 4653 1419 4718 ἐξ
1445 4654 1606 4706 ἐθνῶν
1621 4655 1739 4707 Ἐκ..

150 4745 450 4815 γλησίας,
491 4739 883 4809 ὑπισχνουμένη
925 4739 1236 4803 ἐξάκουστόν
1282 4758 1331 4794 τι
1378 4745 1615 4813 ποιήσειν
1650 4743 1739 4796 τὸν

2374 918 2596 973 CAPUT
2631 918 2843 973 XXXII.

1884 1052 1887 1053 ν
1920 1030 1938 1061 ι
1973 1010 2209 1066 Gaudeat
2232 1012 2407 1064 anima
2428 1023 2544 1063 mea
2567 1009 2621 1063 in
2654 1010 2913 1065 Domino:
2940 1012 3063 1080 quia
3086 1014 3256 1072 induit
3280 1032 3364 1072 me

1845 1100 2174 1155 vestimentis
2214 1101 2440 1154 salutis:
2469 1106 2523 1152 et
2551 1098 2858 1154 indumento
2889 1085 3112 1168 jitstitiae
3134 1103 3365 1158 circum-

1845 1187 1991 1243 dedit
2012 1204 2113 1250 me,
2137 1188 2289 1257 quasi
2304 1184 2557 1256 sponsum
2574 1186 2879 1241 decoratum
2894 1201 3110 1251 corona,
3134 1198 3185 1244 et
3209 1194 3361 1260 quasi

1846 1292 2094 1347 sponsam
2119 1285 2363 1332 ornatam
2396 1276 2683 1330 monilibus
2714 1277 2845 1330 suis.
2876 1276 3024 1331 Sicut
3043 1278 3185 1332 enim
3220 1287 3361 1335 terra

1843 1365 2046 1436 profert
2073 1379 2286 1434 germen
2317 1379 2472 1419 suum
2490 1401 2505 1426 ,
2535 1371 2588 1418 et
2615 1363 2755 1417 sicut
2788 1362 2974 1417 hortus
3000 1378 3181 1418 semen
3207 1379 3364 1419 suum

1844 1455 2105 1524 germinat
2123 1493 2138 1516 ,
2165 1454 2246 1509 sic
2273 1453 2531 1508 Dominus
2558 1452 2698 1507 Deus
2726 1453 3043 1522 germinabit
3063 1454 3325 1523 justitiam
3346 1491 3363 1518 ,

1844 1553 1898 1599 et
1942 1543 2151 1597 laudem
2203 1556 2385 1597 coram
2434 1543 2700 1596 universis
2746 1542 2996 1610 gentibus
3035 1545 3074 1595 ί.
3108 1563 3126 1595 ι
3154 1543 3362 1599 Domini

1844 1626 2158 1691 nostrilesu
2174 1632 2375 1687 Christi
2415 1633 2622 1693 anima,
2673 1632 2739 1686 de
2782 1646 2885 1700 qua
2929 1632 3099 1685 dixit:
3128 1651 3146 1683 ι
3176 1631 3365 1688 Tristis

1844 1730 1927 1779 est
1968 1724 2144 1778 anima
2186 1738 2302 1777 mea
2337 1726 2434 1788 ’,ι
2466 1730 2555 1777 et:
2586 1740 2605 1772 ι
2636 1720 2787 1776 Nunc
2807 1721 2981 1775 anima
3019 1735 3133 1776 mea
3152 1721 3364 1776 turbata

1844 1819 1926 1866 est
1962 1812 2004 1875 ³,
2035 1830 2053 1863 ι
2081 1811 2133 1864 in
2173 1811 2317 1866 nulla
2356 1806 2724 1863 creaturarum
2769 1808 2962 1877 gaudet
3003 1817 3058 1861 et
3104 1809 3362 1871 exsultat,

1845 1899 1948 1952 nisi
1981 1898 2033 1951 in
2067 1898 2183 1953 solo
2212 1897 2365 1951 Patre
2392 1905 2446 1950 et
2472 1896 2717 1952 Domino.
2759 1895 2935 1950 Induit
2962 1897 3104 1950 enim
3131 1911 3254 1950 eum
3282 1898 3364 1950 di-

1842 1986 2079 2040 vinitatis
2107 1985 2446 2048 vestimento,
2475 1999 2719 2054 veraeque
2763 1995 2817 2039 et
2855 1983 3104 2053 perfectae
3143 1984 3367 2054 iustitia

1842 2076 2175 2130 indumento.
2209 2074 2314 2130 Sed
2342 2081 2395 2129 et
2423 2089 2654 2144 sponsus
2676 2074 2882 2128 exstitit
2902 2089 3072 2144 neque
3102 2076 3365 2130 maculam

1848 2180 2021 2233 neque
2056 2177 2239 2234 rugam
2266 2164 2509 2218 habentis
2537 2177 2748 2232 sponsa:
2773 2162 3023 2217 Ecclesiae
3042 2204 3057 2227 ,
3089 2179 3206 2234 qua:
3241 2179 3363 2219 eum

1777 2241 1820 2295 Β
1845 2256 1997 2322 quasi
2027 2270 2223 2309 corona
2268 2253 2649 2319 circumdedit,
2692 2268 2889 2323 sponsa
2924 2270 3054 2309 vero
3084 2256 3366 2325 integerri-

1845 2359 1944 2398 ma:
1969 2345 2294 2408 divinitatis,
2325 2359 2485 2414 quam
2516 2342 2658 2397 velut
2685 2358 2935 2412 sponsam
2978 2344 3233 2414 praeclaro
3261 2344 3366 2398 Do.

1844 2434 1975 2488 mini
2025 2436 2217 2504 spiritu
2270 2435 2559 2489 decoravit.
2616 2436 2881 2492 Praeterea
2933 2435 3077 2490 sicut
3133 2434 3364 2489 fertilem

1843 2522 2210 2590 egregiamque
2233 2528 2431 2574 terram
2457 2521 2692 2576 excoluit
2715 2536 2832 2576 eam
2852 2562 2868 2585 ,
2892 2529 3050 2589 atque
3075 2520 3216 2575 sicut
3240 2519 3365 2572 hor-

1843 2620 1954 2663 tum
1997 2612 2382 2680 germinantem
2426 2618 2479 2666 et
2518 2611 2847 2681 germinibus
2893 2611 3006 2665 suis
3053 2608 3362 2669 ﬂorentem,

1842 2700 2037 2768 quibus
2067 2706 2120 2754 et
2149 2715 2373 2771 magnus
2399 2699 2492 2754 Dei
2522 2699 2804 2769 paradisus
2840 2708 3060 2753 ornatus
3086 2698 3252 2753 fuisse
3278 2698 3363 2751 di-

1842 2791 2002 2843 citur.
2034 2788 2155 2844 Haec
2176 2799 2356 2854 erunt,
2389 2791 2494 2854 ait,
2542 2797 2823 2859 postquam
2857 2789 3036 2857 justus
3067 2789 3319 2843 Dominus
3344 2783 3370 2852 ,“

1842 2894 1941 2933 nec
1992 2878 2150 2933 modo
2198 2876 2501 2933 Iudaeorum
2551 2878 2642 2933 sed
2689 2883 2743 2930 et
2788 2878 3021 2945 gentium
3056 2876 3367 2931 dominator

1842 2969 2003 3032 Deus.
2031 2984 2180 3024 suam
2204 2968 2875 3040 germinaveritjustitiam,
2903 2967 2956 3021 id
2982 2973 3066 3022 est
3091 2964 3363 3021 Christum

1842 3074 2031 3122 suum,
2074 3072 2253 3111 coram
2295 3057 2555 3112 universis
2602 3070 2721 3125 qua:
2761 3056 2813 3108 in
2850 3069 2971 3109 eum
3016 3053 3360 3109 crediderunt

1841 3148 2106 3215 gentibus.

2352 3317 2577 3372 CAPUT
2615 3316 2843 3373 XXXIII.

1911 3426 1930 3459 ι
1967 3406 2178 3489 Elevate
2205 3406 2414 3476 signum
2446 3408 2512 3461 ad
2540 3408 2784 3477 populos.
2816 3407 2954 3462 Ecce
2984 3406 3241 3464 Dominus
3268 3422 3361 3464 au-

1838 3496 2006 3550 ditum
2026 3494 2150 3550 fecit
2170 3496 2225 3549 in
2248 3496 2498 3551 extremis
2513 3503 2685 3550 terrae.
2707 3494 2876 3548 Dicite
2896 3494 3017 3549 lilia:
3037 3496 3165 3550 Sion
3188 3512 3203 3549 :
3227 3494 3364 3551 Ecca

1842 3584 2085 3638 Salvator
2112 3593 2234 3638 tuus
2260 3589 2402 3638 venit
2431 3603 2446 3637 :
2473 3599 2598 3639 ecce
2628 3599 2833 3639 merces
2877 3584 2994 3652 ejus
3037 3598 3159 3638 cum
3188 3598 3281 3649 eo,
3310 3594 3364 3639 et

1839 3690 1971 3744 opus
2000 3674 2116 3743 ejus
2136 3688 2313 3728 coram
2332 3675 2443 3729 illo.
2472 3673 2536 3727 Et
2564 3675 2829 3728 vocabunt
2847 3688 2959 3738 eos,
2989 3675 3215 3743 populus
3233 3690 3363 3730 san-

1839 3775 1978 3826 ctus,
2012 3762 2268 3831 redempti
2323 3777 2353 3815 a
2406 3761 2647 3817 Domino.
2701 3760 2782 3817 'I‘u
2820 3770 2994 3816 autem
3038 3764 3359 3819 vocaberis:

1839 3852 2067 3918 Quaesita
2094 3852 2282 3907 civitas
2328 3860 2382 3907 et
2411 3867 2518 3908 non
2568 3853 2818 3909 derelicta
2836 3855 2878 3909 ⁵.
2916 3874 2935 3907 ι
2968 3883 3035 3903 η-
3068 3873 3088 3907 ι
3121 3854 3251 3921 Quis
3280 3868 3362 3912 est

1836 3946 1939 3999 iste
1960 3943 2051 4013 qui
2079 3942 2221 3998 venit
2252 3944 2319 3998 de
2352 3943 2510 3998 Edom
2532 3978 2549 4009 ,
2588 3944 2768 3999 tinctis
2801 3945 3033 4000 vestibus
3075 3947 3141 4001 de
3164 3947 3364 4003 Bosra‘.’

1836 4029 1941 4086 Iste
1972 4030 2236 4105 formpsus
2263 4030 2315 4082 in
2346 4030 2481 4085 stola
2509 4045 2626 4096 sua,
2659 4031 2906 4101 gradiens
2938 4033 2991 4086 in
3024 4034 3362 4091 multitudine

1837 4103 2325 4209 fortitudinisisug?
2346 4117 2454 4188 Ego
2475 4118 2566 4186 qui
2593 4118 2777 4187 loquor
2791 4118 3074 4186 justitiam,
3094 4129 3147 4174 et
3161 4135 3360 4190 propn-

1835 4206 2636 4287 gnatonsumgaddsalvandum.
2663 4207 2837 4273 Quare
2875 4223 3001 4279 ergo
3027 4211 3248 4265 rubrum
3280 4222 3364 4267 est

1836 4286 2205 4383 indumentum
2229 4286 2421 4367 tuum,
2447 4305 2499 4350 et
2526 4297 2839 4351 vestimenta
2864 4306 2954 4351 tua
2982 4299 3122 4354 sicut
3145 4301 3362 4358 calcan-

1794 4426 1797 4431 .
1836 4384 1967 4438 tium
1998 4376 2053 4437 iii
2087 4376 2367 4443 torculari?
2412 4384 2670 4441 Torcular
2716 4386 2914 4442 calcavi
2961 4389 3138 4452 solus,
3192 4398 3245 4447 et
3295 4393 3363 4448 de

1839 4475 2079 4544 gentibus
2100 4489 2207 4528 non
2235 4475 2414 4529 estvir
2443 4489 2653 4530 mecum
2685 4494 2699 4529 :
2732 4476 2932 4531 calcari
2959 4492 3053 4533 eos
3098 4481 3149 4535 in
3185 4481 3363 4537 furore

1837 4564 2009 4618 meo'.
2044 4581 2064 4615 ι
2091 4562 2282 4618 lterum
2314 4564 2401 4617 hic
2426 4563 2702 4634 prophetia
2723 4565 2874 4634 jubet
2898 4568 3137 4635 accipere
3151 4570 3359 4638 signum

1836 4652 1902 4706 de
1924 4653 2157 4720 gentium
2190 4651 2448 4715 Ecclesia,
2474 4656 2787 4723 promittens
2812 4655 2955 4722 quod
2978 4654 3234 4712 Dominus
3264 4673 3361 4711 au-

1837 4740 2005 4794 ditum
2034 4739 2189 4796 faciet
2218 4757 2389 4810 usque
2415 4742 2481 4795 ad
2511 4749 2764 4797 cxtrema-
2790 4750 2978 4808 terrae;
3008 4745 3150 4814 quod
3177 4755 3232 4802 et
3260 4748 3361 4801 im-

148 4834 394 4905 Κύριον
447 4829 559 4891 ἓως
599 4828 820 4897 ἐσχάτου
863 4828 960 4896 τῆς
1001 4829 1100 4898 γῆς
1119 4844 1134 4860 ο
1164 4828 1193 4881 ὃ
1218 4830 1308 4882 καὶ
1337 4829 1504 4900 πέρας
1531 4831 1738 4901 εἴληχεν

1838 4830 2034 4899 pictum
2048 4840 2131 4884 est
2143 4830 2434 4886 Salvatoris
2454 4832 2622 4885 nostri
2638 4831 2776 4901 Iesu}
2789 4831 3038 4899 adventu,
3069 4834 3122 4889 in
3147 4851 3357 4894 omnem
3378 4894 3383 4897 _

148 4923 321 4995 (φεν)
353 4919 553 4988 ὲττὶτῇ
579 4916 669 4970 τοῦ
698 4917 941 4986 Σωτῆρος
963 4917 1114 4986 ἡμῶν
1156 4918 1323 4988 Ἰησοῦ
1351 4924 1632 4991 παρουσίᾳ,
1660 4925 1737 4983 εἰς

147 5017 365 5069 πᾶσαν
399 5008 513 5080 τὴν
546 5008 648 5077 γῆν
677 5006 975 5076 ἐξελθόντος
1002 5008 1093 5060 τοῦ
1131 5008 1360 5076 φθόγγου
1385 5009 1491 5063 τῶν
1516 5013 1736 5066 ἀποστό-

144 5107 276 5160 λων
307 5097 527 5161 αὐτοῦ,
560 5100 654 5151 καὶ
695 5099 774 5160 είς
815 5096 882 5148 τὰ
923 5098 1125 5168 πέρατα
1156 5101 1251 5170 τῆς
1293 5102 1606 5171 οἰκουμένης
1630 5104 1735 5157 τῶν

146 5192 468 5265 ῥημάτων
498 5186 689 5240 αὐτῶν·
706 5186 861 5256 Ἑξῆς
880 5189 1086 5257 εἴρηται
1104 5205 1118 5219 ο
1158 5207 1177 5238 ι
1204 5190 1399 5242 Εἴπατε
1426 5194 1541 5252 ταῖς
1573 5192 1735 5259 θυγα.

140 5282 342 5356 τράσι
371 5275 547 5331 Σιών.
580 5295 598 5326 ι
629 5275 841 5346 (δηλαδὴ
871 5279 988 5339 ταῖς
1015 5277 1073 5342 ἐξ
1095 5277 1258 5330 ἐθνῶν
1272 5278 1622 5348 Ἐκκλησίαις·
1651 5277 1740 5335 αὗ-

136 5390 253 5428 ται
294 5370 437 5439 γάρ
471 5383 551 5418 τοι
575 5365 861 5436 θυγατέρες
883 5365 950 5418 ἂν
978 5363 1086 5419 εἷεν
1114 5368 1209 5436 τῆς
1235 5368 1544 5436 ἐπουρανίου
1569 5369 1702 5423 Σιὼν
1721 5410 1736 5434 ,

146 5483 172 5515 ι
202 5464 358 5534 ἥτις
414 5458 539 5509 ἰπὶ
584 5457 763 5526 μήτηρ
802 5456 953 5525 ἡμῶν
995 5476 1014 5507 ι
1062 5457 1198 5510 κατά
1233 5457 1323 5509 τὸν
1356 5457 1736 5529 Ἀπόστολονο)

143 5575 167 5607 ι
191 5550 363 5608 Ἰδού
408 5564 496 5599 σοι
521 5548 550 5598 ὁ
582 5545 766 5616 Σωτὴρ
790 5546 1132 5615 παραγίνεται
1161 5547 1297 5616 ἔχων
1327 5546 1417 5598 τὸν
1441 5546 1623 5600 ἑαυτοῦ
1646 5566 1736 5618 μι-

230 5669 250 5698 τ
307 5663 446 5717 [5a.
480 5673 601 5727 ut,
633 5659 717 5724 l0,
761 5660 841 5711 Il.
915 5661 934 5689 ’
973 5659 1155 5718 Matth.
1189 5675 1343 5727 xxvi,
1378 5660 1463 5716 38.

137 5740 163 5770 ο
201 5736 359 5793 Gal,
413 5745 496 5791 ιν,
530 5726 618 5780 26.

450 5818 714 5876 ΡΑι-ιιοι..
746 5812 858 5873 Gn.
883 5812 1080 5877 XXII.

1576 5663 1598 5695 ³
1634 5660 1787 5720 Joan.
1820 5680 1896 5720 ιιι
1914 5664 2020 5731 .27.

1838 4928 2032 4983 terram
2067 4919 2256 4973 dill‘usa
2280 4921 2638 4989 apostolorum
2677 4921 2794 4991 ejus
2828 4922 3221 4992 praedicatione,
3237 4943 3360 4982 ver-

1838 5011 2024 5078 bisque
2064 5023 2245 5064 eorum
2293 5010 2360 5064 ad
2408 5019 2642 5064 extrema
2693 5018 2869 5066 terrae.
2918 5012 3048 5067 Dein
3090 5014 3287 5071 dicitur
3343 5038 3357 5072 :

1842 5118 1861 5152 ι
1893 5099 2063 5154 Dicite
2089 5098 2296 5154 ﬁliabus
2333 5098 2460 5153 Sion
2491 5118 2509 5150 ι
2543 5100 2796 5169 (gentium
2836 5102 3040 5157 scilicet
3071 5102 3355 5161 Ecclesiis:

1837 5188 2114 5259 ipsaenim
2140 5189 2260 5243 tiliae
2282 5196 2406 5244 sunt
2436 5188 2671 5244 celestis
2713 5188 2860 5256 Sion,
2893 5208 2913 5243 ι
2941 5208 3059 5262 qua:
3080 5202 3164 5249 est
3190 5205 3361 5252 mater

1835 5288 2038 5343 nostra,
2078 5298 2099 5332 ι
2123 5280 2277 5349 juxta
2303 5279 2611 5350 Apostolum
2635 5278 2712 5350 ‘):
2742 5299 2763 5332 ι
2802 5280 2937 5336 Ecce
2964 5283 3203 5340 Salvator
3232 5293 3359 5342 tuus

1834 5371 1998 5432 venit,
2025 5384 2148 5426 ecce
2176 5384 2380 5425 merces
2400 5369 2516 5439 ejus
2539 5384 2660 5422 cum
2690 5384 2774 5435 eo,
2809 5390 2828 5423 ι
2852 5378 2905 5425 et
2926 5373 3358 5445 reliqua,quibus

1835 5458 2130 5514 ostenditur
2179 5457 2445 5514 secundus
2488 5456 2687 5512 Christi
2715 5459 2996 5525 adventus,
3025 5477 3148 5518 cum
3191 5465 3360 5536 judcx

1835 5550 2027 5615 veniet,
2095 5548 2321 5605 reddens
2377 5548 2655 5615 unicuique
2697 5547 2858 5617 hujus
2928 5552 3050 5608 vitae
3092 5554 3357 5612 factorum

2851 5662 2874 5694 ³
2906 5660 3007 5718 Isa.
3038 5681 3169 5724 um
3191 5708 3209 5736 ,
3238 5668 3349 5723 1-8.

2927 5823 3005 5884 ιο

2119 5658 2274 5719 “sa.
2322 5676 2477 5734 ιω,
2508 5659 2605 5723 to,
2660 5659 2745 5715 ll.
