  <div class='ocr_page' id='page_1' title='image "/cluster/home/n/w/nwhite01/storage/ocr_20150623/22 (Eusebius; pt. 4)/nyp.33433081862355/690.png"; bbox 0 0 3952 6382; ppageno 0'>
   <div class='ocr_carea' id='block_1_1' title="bbox 239 427 368 485">
    <p class='ocr_par' dir='ltr' id='par_1_1' title="bbox 239 427 368 485">
     <span class='ocr_line' id='line_1_1' title="bbox 239 427 368 485; baseline -0.031 -1"><span class='ocrx_word' id='word_1_1' title='bbox 239 427 368 485; x_wconf 68' lang='grc'><strong>1265</strong></span> 
     </span>
    </p>
   </div>
   <div class='ocr_carea' id='block_1_2' title="bbox 1407 421 2268 478">
    <p class='ocr_par' dir='ltr' id='par_1_2' title="bbox 1407 421 2268 478">
     <span class='ocr_line' id='line_1_2' title="bbox 1407 421 2268 478; baseline -0.001 -2"><span class='ocrx_word' id='word_1_2' title='bbox 1407 422 1492 476; x_wconf 80' lang='lat' dir='ltr'><strong>DE</strong></span> <span class='ocrx_word' id='word_1_3' title='bbox 1532 421 1710 478; x_wconf 72' lang='lat' dir='ltr'><strong>VlTlS</strong></span> <span class='ocrx_word' id='word_1_4' title='bbox 1744 421 2268 478; x_wconf 74' lang='lat' dir='ltr'><strong>PROPIIETABUM.</strong></span> 
     </span>
    </p>
   </div>
   <div class='ocr_carea' id='block_1_3' title="bbox 3255 425 3388 480">
    <p class='ocr_par' dir='ltr' id='par_1_3' title="bbox 3255 425 3388 480">
     <span class='ocr_line' id='line_1_3' title="bbox 3255 425 3388 480; baseline -0.023 0"><span class='ocrx_word' id='word_1_5' title='bbox 3255 425 3388 480; x_wconf 72' lang='grc'><strong>1268</strong></span> 
     </span>
    </p>
   </div>
   <div class='ocr_carea' id='block_1_4' title="bbox 235 537 1802 612">
    <p class='ocr_par' dir='ltr' id='par_1_4' title="bbox 235 541 1802 612">
     <span class='ocr_line' id='line_1_4' title="bbox 235 541 1802 612; baseline -0.003 -16"><span class='ocrx_word' id='word_1_6' title='bbox 235 541 594 612; x_wconf 53' lang='grc' dir='ltr'>διανοίας-,υκαι</span> <span class='ocrx_word' id='word_1_7' title='bbox 619 544 746 612; x_wconf 70' lang='grc' dir='ltr'>περὶ</span> <span class='ocrx_word' id='word_1_8' title='bbox 777 543 871 612; x_wconf 79' lang='grc' dir='ltr'><strong>τῆς</strong></span> <span class='ocrx_word' id='word_1_9' title='bbox 909 541 998 592; x_wconf 79' lang='grc' dir='ltr'><strong>τοῦ</strong></span> <span class='ocrx_word' id='word_1_10' title='bbox 1035 542 1275 610; x_wconf 76' lang='grc' dir='ltr'><strong>Σωτῆρος</strong></span> <span class='ocrx_word' id='word_1_11' title='bbox 1306 542 1626 610; x_wconf 78' lang='grc' dir='ltr'><strong>παρουσίας,</strong></span> <span class='ocrx_word' id='word_1_12' title='bbox 1670 542 1758 592; x_wconf 70' lang='grc' dir='ltr'><strong>καὶ</strong></span> <span class='ocrx_word' id='word_1_13' title='bbox 1787 553 1802 603; x_wconf 59' lang='grc' dir='ltr'><em>Α</em></span> 
     </span>
    </p>
   </div>
   <div class='ocr_carea' id='block_1_5' title="bbox 1901 537 3390 612">
    <p class='ocr_par' dir='ltr' id='par_1_5' title="bbox 1901 537 3390 611">
     <span class='ocr_line' id='line_1_5' title="bbox 1901 537 3390 611; baseline 0.003 -19"><span class='ocrx_word' id='word_1_14' title='bbox 1901 539 2183 601; x_wconf 76' lang='lat' dir='ltr'><strong>renitentia,</strong></span> <span class='ocrx_word' id='word_1_15' title='bbox 2216 539 2280 592; x_wconf 90' lang='lat' dir='ltr'><strong>de</strong></span> <span class='ocrx_word' id='word_1_16' title='bbox 2310 537 2597 593; x_wconf 87' lang='lat' dir='ltr'><strong>Salvatoris</strong></span> <span class='ocrx_word' id='word_1_17' title='bbox 2621 542 2842 596; x_wconf 85' lang='lat' dir='ltr'><strong>adventu</strong></span> <span class='ocrx_word' id='word_1_18' title='bbox 2861 579 2876 604; x_wconf 88' lang='lat'><strong>,</strong></span> <span class='ocrx_word' id='word_1_19' title='bbox 2911 548 2964 596; x_wconf 91' lang='lat' dir='ltr'><strong>et</strong></span> <span class='ocrx_word' id='word_1_20' title='bbox 2985 541 3049 595; x_wconf 91' lang='lat' dir='ltr'><strong>de</strong></span> <span class='ocrx_word' id='word_1_21' title='bbox 3079 542 3246 611; x_wconf 69' lang='lat' dir='ltr'><strong>signis</strong></span> <span class='ocrx_word' id='word_1_22' title='bbox 3273 557 3390 610; x_wconf 77' lang='lat' dir='ltr'><strong>qua:</strong></span> 
     </span>
    </p>
   </div>
   <div class='ocr_carea' id='block_1_6' title="bbox 235 630 1461 700">
    <p class='ocr_par' dir='ltr' id='par_1_6' title="bbox 235 630 1461 700">
     <span class='ocr_line' id='line_1_6' title="bbox 235 630 1461 700; baseline -0.002 -18"><span class='ocrx_word' id='word_1_23' title='bbox 235 630 331 682; x_wconf 84' lang='grc' dir='ltr'>τῶν</span> <span class='ocrx_word' id='word_1_24' title='bbox 369 631 467 681; x_wconf 67' lang='grc' dir='ltr'>ετιι</span> <span class='ocrx_word' id='word_1_25' title='bbox 502 630 592 681; x_wconf 75' lang='grc' dir='ltr'><strong>τοῦ</strong></span> <span class='ocrx_word' id='word_1_26' title='bbox 631 631 855 700; x_wconf 78' lang='grc' dir='ltr'>σταυροῦ</span> <span class='ocrx_word' id='word_1_27' title='bbox 887 630 1180 698; x_wconf 80' lang='grc' dir='ltr'><strong>γενομένων</strong></span> <span class='ocrx_word' id='word_1_28' title='bbox 1209 630 1461 698; x_wconf 83' lang='grc' dir='ltr'>σημέιων.</span> 
     </span>
    </p>
   </div>
   <div class='ocr_carea' id='block_1_7' title="bbox 821 740 1186 803">
    <p class='ocr_par' dir='ltr' id='par_1_7' title="bbox 821 740 1186 803">
     <span class='ocr_line' id='line_1_7' title="bbox 821 740 1186 803; baseline 0 -11"><span class='ocrx_word' id='word_1_29' title='bbox 821 741 1078 803; x_wconf 74' lang='grc' dir='ltr'><strong>ΑΒΔΙΟΥ,</strong></span> <span class='ocrx_word' id='word_1_30' title='bbox 1118 740 1186 792; x_wconf 84' lang='grc' dir='ltr'><strong>Δ’.</strong></span> 
     </span>
    </p>
   </div>
   <div class='ocr_carea' id='block_1_8' title="bbox 301 825 1764 898">
    <p class='ocr_par' dir='ltr' id='par_1_8' title="bbox 301 825 1764 898">
     <span class='ocr_line' id='line_1_8' title="bbox 301 825 1764 898; baseline 0 -20"><span class='ocrx_word' id='word_1_31' title='bbox 301 829 536 898; x_wconf 86' lang='grc' dir='ltr'>Ὄρασιν</span> <span class='ocrx_word' id='word_1_32' title='bbox 565 829 887 897; x_wconf 76' lang='grc' dir='ltr'><strong>ἀπαγγέλλει</strong></span> <span class='ocrx_word' id='word_1_33' title='bbox 912 830 1048 882; x_wconf 84' lang='grc' dir='ltr'><strong>κατὰ</strong></span> <span class='ocrx_word' id='word_1_34' title='bbox 1073 830 1168 898; x_wconf 87' lang='grc' dir='ltr'><strong>τῆς</strong></span> <span class='ocrx_word' id='word_1_35' title='bbox 1209 828 1521 898; x_wconf 76' lang='grc' dir='ltr'><strong>Ἰδουμαίας,</strong></span> <span class='ocrx_word' id='word_1_36' title='bbox 1555 837 1646 878; x_wconf 82' lang='grc' dir='ltr'><strong>και</strong></span> <span class='ocrx_word' id='word_1_37' title='bbox 1675 825 1764 878; x_wconf 79' lang='grc' dir='ltr'>τοῦ</span> 
     </span>
    </p>
   </div>
   <div class='ocr_carea' id='block_1_9' title="bbox 237 918 1768 988">
    <p class='ocr_par' dir='ltr' id='par_1_9' title="bbox 237 918 1768 988">
     <span class='ocr_line' id='line_1_9' title="bbox 237 918 1768 988; baseline -0.003 -18"><span class='ocrx_word' id='word_1_38' title='bbox 237 919 420 980; x_wconf 79' lang='grc' dir='ltr'><strong>τέλους</strong></span> <span class='ocrx_word' id='word_1_39' title='bbox 459 921 652 988; x_wconf 72' lang='grc' dir='ltr'>αὐτῆς·</span> <span class='ocrx_word' id='word_1_40' title='bbox 687 920 778 971; x_wconf 76' lang='grc' dir='ltr'>καὶ</span> <span class='ocrx_word' id='word_1_41' title='bbox 811 919 948 972; x_wconf 85' lang='grc' dir='ltr'><strong>κατὰ</strong></span> <span class='ocrx_word' id='word_1_42' title='bbox 980 919 1083 971; x_wconf 85' lang='grc' dir='ltr'>τῶν</span> <span class='ocrx_word' id='word_1_43' title='bbox 1116 918 1276 970; x_wconf 74' lang='grc' dir='ltr'>ἐθνῶν</span> <span class='ocrx_word' id='word_1_44' title='bbox 1314 918 1417 970; x_wconf 84' lang='grc' dir='ltr'>τῶν</span> <span class='ocrx_word' id='word_1_45' title='bbox 1449 920 1768 985; x_wconf 80' lang='grc' dir='ltr'>ὲμπαροινη-</span> 
     </span>
    </p>
   </div>
   <div class='ocr_carea' id='block_1_10' title="bbox 1865 629 2452 681">
    <p class='ocr_par' dir='ltr' id='par_1_10' title="bbox 1865 629 2452 681">
     <span class='ocr_line' id='line_1_10' title="bbox 1865 629 2452 681; baseline -0.002 -1"><span class='ocrx_word' id='word_1_46' title='bbox 1865 630 1918 680; x_wconf 89' lang='lat' dir='ltr'><strong>in</strong></span> <span class='ocrx_word' id='word_1_47' title='bbox 1955 643 2112 681; x_wconf 83' lang='lat' dir='ltr'><strong>cruce</strong></span> <span class='ocrx_word' id='word_1_48' title='bbox 2146 636 2266 681; x_wconf 92' lang='lat' dir='ltr'><strong>sunt</strong></span> <span class='ocrx_word' id='word_1_49' title='bbox 2293 629 2452 680; x_wconf 87' lang='lat' dir='ltr'><strong>edita.</strong></span> 
     </span>
    </p>
   </div>
   <div class='ocr_carea' id='block_1_11' title="bbox 2445 735 2806 802">
    <p class='ocr_par' dir='ltr' id='par_1_11' title="bbox 2445 735 2806 802">
     <span class='ocr_line' id='line_1_11' title="bbox 2445 735 2806 802; baseline 0.003 -12"><span class='ocrx_word' id='word_1_50' title='bbox 2445 735 2698 802; x_wconf 79' lang='lat' dir='ltr'><strong>ABDIAS,</strong></span> <span class='ocrx_word' id='word_1_51' title='bbox 2725 737 2806 791; x_wconf 80' lang='lat' dir='ltr'><strong>IV.</strong></span> 
     </span>
    </p>
   </div>
   <div class='ocr_carea' id='block_1_12' title="bbox 1936 823 3389 897">
    <p class='ocr_par' dir='ltr' id='par_1_12' title="bbox 1936 823 3389 897">
     <span class='ocr_line' id='line_1_12' title="bbox 1936 823 3389 897; baseline 0.003 -20"><span class='ocrx_word' id='word_1_52' title='bbox 1936 823 2204 881; x_wconf 82' lang='lat' dir='ltr'><strong>Visionem</strong></span> <span class='ocrx_word' id='word_1_53' title='bbox 2243 825 2517 879; x_wconf 73' lang='lat' dir='ltr'><strong>denuntiat</strong></span> <span class='ocrx_word' id='word_1_54' title='bbox 2547 824 2799 879; x_wconf 90' lang='lat' dir='ltr'><strong>adversus</strong></span> <span class='ocrx_word' id='word_1_55' title='bbox 2827 825 3128 893; x_wconf 69' lang='lat' dir='ltr'><strong>ldumaeam,</strong></span> <span class='ocrx_word' id='word_1_56' title='bbox 3159 837 3210 884; x_wconf 91' lang='lat' dir='ltr'><strong>et</strong></span> <span class='ocrx_word' id='word_1_57' title='bbox 3235 845 3389 897; x_wconf 85' lang='lat' dir='ltr'><strong>quem</strong></span> 
     </span>
    </p>
   </div>
   <div class='ocr_carea' id='block_1_13' title="bbox 1869 911 3391 972">
    <p class='ocr_par' dir='ltr' id='par_1_13' title="bbox 1869 911 3391 972">
     <span class='ocr_line' id='line_1_13' title="bbox 1869 911 3391 972; baseline 0.004 -7"><span class='ocrx_word' id='word_1_58' title='bbox 1869 913 2024 966; x_wconf 85' lang='lat' dir='ltr'><strong>linem</strong></span> <span class='ocrx_word' id='word_1_59' title='bbox 2081 912 2265 966; x_wconf 89' lang='lat' dir='ltr'><strong>eadem</strong></span> <span class='ocrx_word' id='word_1_60' title='bbox 2317 913 2388 966; x_wconf 89' lang='lat' dir='ltr'><strong>sit</strong></span> <span class='ocrx_word' id='word_1_61' title='bbox 2445 912 2710 966; x_wconf 85' lang='lat' dir='ltr'><strong>habitura.</strong></span> <span class='ocrx_word' id='word_1_62' title='bbox 2755 911 3081 970; x_wconf 86' lang='lat' dir='ltr'><strong>Vaticinatur</strong></span> <span class='ocrx_word' id='word_1_63' title='bbox 3125 919 3282 972; x_wconf 87' lang='lat' dir='ltr'><strong>etiam</strong></span> <span class='ocrx_word' id='word_1_64' title='bbox 3339 921 3391 971; x_wconf 85' lang='lat' dir='ltr'><strong>in</strong></span> 
     </span>
    </p>
   </div>
   <div class='ocr_carea' id='block_1_14' title="bbox 239 1003 1802 1080">
    <p class='ocr_par' dir='ltr' id='par_1_14' title="bbox 239 1005 1768 1080">
     <span class='ocr_line' id='line_1_14' title="bbox 239 1005 1768 1080; baseline -0.005 -20"><span class='ocrx_word' id='word_1_65' title='bbox 239 1010 446 1062; x_wconf 83' lang='grc' dir='ltr'><strong>σάντων</strong></span> <span class='ocrx_word' id='word_1_66' title='bbox 486 1009 561 1078; x_wconf 80' lang='grc' dir='ltr'>τῷ</span> <span class='ocrx_word' id='word_1_67' title='bbox 605 1010 831 1080; x_wconf 76' lang='grc' dir='ltr'>Ἰσραήλ.</span> <span class='ocrx_word' id='word_1_68' title='bbox 892 1008 1340 1077; x_wconf 83' lang='grc' dir='ltr'>Ἀναλωθήσεσθαι</span> <span class='ocrx_word' id='word_1_69' title='bbox 1382 1007 1484 1076; x_wconf 83' lang='grc' dir='ltr'><strong>γάρ</strong></span> <span class='ocrx_word' id='word_1_70' title='bbox 1510 1007 1596 1059; x_wconf 75' lang='grc' dir='ltr'>τὸν</span> <span class='ocrx_word' id='word_1_71' title='bbox 1626 1005 1768 1058; x_wconf 74' lang='grc' dir='ltr'>οἶκον</span> 
     </span>
    </p>
   </div>
   <div class='ocr_carea' id='block_1_15' title="bbox 1901 1003 3395 1080">
    <p class='ocr_par' dir='ltr' id='par_1_15' title="bbox 1901 1003 3395 1078">
     <span class='ocr_line' id='line_1_15' title="bbox 1901 1003 3395 1078; baseline 0.003 -21"><span class='ocrx_word' id='word_1_72' title='bbox 1901 1012 2052 1057; x_wconf 89' lang='lat' dir='ltr'><strong>entes</strong></span> <span class='ocrx_word' id='word_1_73' title='bbox 2099 1018 2215 1071; x_wconf 75' lang='lat' dir='ltr'><strong>qua:</strong></span> <span class='ocrx_word' id='word_1_74' title='bbox 2266 1003 2444 1058; x_wconf 84' lang='lat' dir='ltr'><strong>lsraeli</strong></span> <span class='ocrx_word' id='word_1_75' title='bbox 2499 1006 2839 1060; x_wconf 75' lang='lat' dir='ltr'><strong>insultarunt.</strong></span> <span class='ocrx_word' id='word_1_76' title='bbox 2885 1005 3018 1062; x_wconf 88' lang='lat' dir='ltr'><strong>Fore</strong></span> <span class='ocrx_word' id='word_1_77' title='bbox 3065 1009 3221 1062; x_wconf 87' lang='lat' dir='ltr'><strong>etiam</strong></span> <span class='ocrx_word' id='word_1_78' title='bbox 3260 1023 3395 1078; x_wconf 67' lang='lat' dir='ltr'><strong>pra:-</strong></span> 
     </span>
    </p>
   </div>
   <div class='ocr_carea' id='block_1_16' title="bbox 251 1099 1310 1168">
    <p class='ocr_par' dir='ltr' id='par_1_16' title="bbox 251 1099 1310 1168">
     <span class='ocr_line' id='line_1_16' title="bbox 251 1099 1310 1168; baseline 0 -18"><span class='ocrx_word' id='word_1_79' title='bbox 251 1099 420 1151; x_wconf 81' lang='grc' dir='ltr'><strong>Ἥσαῦ</strong></span> <span class='ocrx_word' id='word_1_80' title='bbox 455 1100 559 1151; x_wconf 82' lang='grc' dir='ltr'><strong>ὑπὸ</strong></span> <span class='ocrx_word' id='word_1_81' title='bbox 587 1099 676 1151; x_wconf 84' lang='grc' dir='ltr'><strong>τοῦ</strong></span> <span class='ocrx_word' id='word_1_82' title='bbox 721 1099 908 1151; x_wconf 77' lang='grc' dir='ltr'>Ἰακὼϐ</span> <span class='ocrx_word' id='word_1_83' title='bbox 940 1099 1310 1168; x_wconf 70' lang='grc' dir='ltr'><strong>προσημαίνει⁸</strong></span> 
     </span>
    </p>
   </div>
   <div class='ocr_carea' id='block_1_17' title="bbox 845 1273 1173 1333">
    <p class='ocr_par' dir='ltr' id='par_1_17' title="bbox 845 1273 1173 1333">
     <span class='ocr_line' id='line_1_17' title="bbox 845 1273 1173 1333; baseline 0.006 -9"><span class='ocrx_word' id='word_1_84' title='bbox 845 1273 1039 1324; x_wconf 71' lang='grc' dir='ltr'><strong>ΧΩΝΑΣ</strong></span> <span class='ocrx_word' id='word_1_85' title='bbox 1053 1313 1066 1333; x_wconf 87' lang='grc'><strong>,</strong></span> <span class='ocrx_word' id='word_1_86' title='bbox 1103 1274 1173 1326; x_wconf 82' lang='lat' dir='ltr'><strong>E&#39;.</strong></span> 
     </span>
    </p>
   </div>
   <div class='ocr_carea' id='block_1_18' title="bbox 302 1358 1773 1432">
    <p class='ocr_par' dir='ltr' id='par_1_18' title="bbox 302 1358 1773 1432">
     <span class='ocr_line' id='line_1_18' title="bbox 302 1358 1773 1432; baseline -0.005 -17"><span class='ocrx_word' id='word_1_87' title='bbox 302 1363 482 1430; x_wconf 83' lang='grc' dir='ltr'>Λόγος</span> <span class='ocrx_word' id='word_1_88' title='bbox 536 1364 734 1432; x_wconf 80' lang='grc' dir='ltr'>Κυρίου</span> <span class='ocrx_word' id='word_1_89' title='bbox 795 1363 1002 1429; x_wconf 79' lang='grc' dir='ltr'>ἐγένετο</span> <span class='ocrx_word' id='word_1_90' title='bbox 1057 1363 1190 1432; x_wconf 81' lang='grc' dir='ltr'>πρὸς</span> <span class='ocrx_word' id='word_1_91' title='bbox 1224 1361 1380 1414; x_wconf 79' lang='grc' dir='ltr'>αὐτὸν</span> <span class='ocrx_word' id='word_1_92' title='bbox 1414 1358 1660 1413; x_wconf 84' lang='grc' dir='ltr'><strong>ἀπελθεῖν</strong></span> <span class='ocrx_word' id='word_1_93' title='bbox 1698 1360 1773 1419; x_wconf 87' lang='grc' dir='ltr'>εἰς</span> 
     </span>
    </p>
   </div>
   <div class='ocr_carea' id='block_1_19' title="bbox 1865 1092 3396 1164">
    <p class='ocr_par' dir='ltr' id='par_1_19' title="bbox 1865 1092 3396 1164">
     <span class='ocr_line' id='line_1_19' title="bbox 1865 1092 3396 1164; baseline 0.005 -18"><span class='ocrx_word' id='word_1_94' title='bbox 1865 1093 2016 1155; x_wconf 85' lang='lat' dir='ltr'><strong>dixit,</strong></span> <span class='ocrx_word' id='word_1_95' title='bbox 2048 1102 2102 1146; x_wconf 90' lang='lat' dir='ltr'><strong>ut</strong></span> <span class='ocrx_word' id='word_1_96' title='bbox 2142 1092 2279 1148; x_wconf 84' lang='lat' dir='ltr'><strong>Esau</strong></span> <span class='ocrx_word' id='word_1_97' title='bbox 2317 1095 2524 1159; x_wconf 88' lang='lat' dir='ltr'><strong>domus,</strong></span> <span class='ocrx_word' id='word_1_98' title='bbox 2560 1097 2626 1150; x_wconf 89' lang='lat' dir='ltr'><strong>ab</strong></span> <span class='ocrx_word' id='word_1_99' title='bbox 2667 1111 2726 1150; x_wconf 92' lang='lat' dir='ltr'><strong>ea</strong></span> <span class='ocrx_word' id='word_1_100' title='bbox 2764 1112 2880 1164; x_wconf 80' lang='lat' dir='ltr'><strong>qua:</strong></span> <span class='ocrx_word' id='word_1_101' title='bbox 2911 1096 3089 1151; x_wconf 85' lang='lat' dir='ltr'><strong>Jacobi</strong></span> <span class='ocrx_word' id='word_1_102' title='bbox 3123 1107 3224 1161; x_wconf 90' lang='lat' dir='ltr'><strong>est,</strong></span> <span class='ocrx_word' id='word_1_103' title='bbox 3270 1101 3396 1154; x_wconf 89' lang='lat' dir='ltr'><strong>sub-</strong></span> 
     </span>
    </p>
   </div>
   <div class='ocr_carea' id='block_1_20' title="bbox 1869 1191 2124 1237">
    <p class='ocr_par' dir='ltr' id='par_1_20' title="bbox 1869 1191 2124 1237">
     <span class='ocr_line' id='line_1_20' title="bbox 1869 1191 2124 1237; baseline 0 0"><span class='ocrx_word' id='word_1_104' title='bbox 1869 1191 2124 1237; x_wconf 88' lang='lat' dir='ltr'><strong>vertatur.</strong></span> 
     </span>
    </p>
   </div>
   <div class='ocr_carea' id='block_1_21' title="bbox 2476 1272 2795 1340">
    <p class='ocr_par' dir='ltr' id='par_1_21' title="bbox 2476 1272 2795 1340">
     <span class='ocr_line' id='line_1_21' title="bbox 2476 1272 2795 1340; baseline 0.003 -13"><span class='ocrx_word' id='word_1_105' title='bbox 2476 1272 2704 1340; x_wconf 79' lang='lat' dir='ltr'><strong>JONAS,</strong></span> <span class='ocrx_word' id='word_1_106' title='bbox 2734 1275 2795 1328; x_wconf 84' lang='lat' dir='ltr'><strong>V.</strong></span> 
     </span>
    </p>
   </div>
   <div class='ocr_carea' id='block_1_22' title="bbox 1941 1362 3397 1434">
    <p class='ocr_par' dir='ltr' id='par_1_22' title="bbox 1941 1362 3397 1434">
     <span class='ocr_line' id='line_1_22' title="bbox 1941 1362 3397 1434; baseline 0.004 -18"><span class='ocrx_word' id='word_1_107' title='bbox 1941 1362 2125 1416; x_wconf 89' lang='lat' dir='ltr'><strong>Sermo</strong></span> <span class='ocrx_word' id='word_1_108' title='bbox 2151 1362 2357 1417; x_wconf 86' lang='lat' dir='ltr'><strong>Domini</strong></span> <span class='ocrx_word' id='word_1_109' title='bbox 2390 1362 2561 1419; x_wconf 80' lang='lat' dir='ltr'><strong>factus</strong></span> <span class='ocrx_word' id='word_1_110' title='bbox 2608 1375 2688 1419; x_wconf 88' lang='lat' dir='ltr'><strong>est</strong></span> <span class='ocrx_word' id='word_1_111' title='bbox 2735 1365 2799 1418; x_wconf 89' lang='lat' dir='ltr'><strong>ad</strong></span> <span class='ocrx_word' id='word_1_112' title='bbox 2831 1367 3022 1434; x_wconf 90' lang='lat' dir='ltr'><strong>ipsum,</strong></span> <span class='ocrx_word' id='word_1_113' title='bbox 3061 1375 3118 1420; x_wconf 92' lang='lat' dir='ltr'><strong>ut</strong></span> <span class='ocrx_word' id='word_1_114' title='bbox 3156 1367 3397 1423; x_wconf 81' lang='lat' dir='ltr'><strong>Ninivam</strong></span> 
     </span>
    </p>
   </div>
   <div class='ocr_carea' id='block_1_23' title="bbox 235 1449 1802 1523">
    <p class='ocr_par' dir='ltr' id='par_1_23' title="bbox 235 1449 1773 1523">
     <span class='ocr_line' id='line_1_23' title="bbox 235 1449 1773 1523; baseline -0.004 -19"><span class='ocrx_word' id='word_1_115' title='bbox 235 1452 439 1522; x_wconf 81' lang='grc' dir='ltr'>Νινευὴ</span> <span class='ocrx_word' id='word_1_116' title='bbox 471 1453 564 1506; x_wconf 59' lang='grc' dir='ltr'><strong>καὶ⁵</strong></span> <span class='ocrx_word' id='word_1_117' title='bbox 596 1452 818 1523; x_wconf 78' lang='grc' dir='ltr'>κηρῦξαι</span> <span class='ocrx_word' id='word_1_118' title='bbox 847 1455 903 1505; x_wconf 79' lang='grc' dir='ltr'><strong>έν</strong></span> <span class='ocrx_word' id='word_1_119' title='bbox 930 1452 1084 1522; x_wconf 78' lang='grc' dir='ltr'>αὐτῇ,</span> <span class='ocrx_word' id='word_1_120' title='bbox 1111 1452 1189 1504; x_wconf 84' lang='grc' dir='ltr'>ὅτι</span> <span class='ocrx_word' id='word_1_121' title='bbox 1214 1452 1291 1503; x_wconf 74' lang='grc' dir='ltr'>ἔτι</span> <span class='ocrx_word' id='word_1_122' title='bbox 1314 1454 1458 1520; x_wconf 85' lang='grc' dir='ltr'>τρεῖς</span> <span class='ocrx_word' id='word_1_123' title='bbox 1480 1451 1551 1520; x_wconf 86' lang='lat' dir='ltr'><strong>(-l)</strong></span> <span class='ocrx_word' id='word_1_124' title='bbox 1575 1449 1773 1518; x_wconf 80' lang='grc' dir='ltr'>ἡμέραι</span> 
     </span>
    </p>
   </div>
   <div class='ocr_carea' id='block_1_24' title="bbox 1901 1449 3403 1523">
    <p class='ocr_par' dir='ltr' id='par_1_24' title="bbox 1901 1451 3403 1518">
     <span class='ocr_line' id='line_1_24' title="bbox 1901 1451 3403 1518; baseline 0.005 -17"><span class='ocrx_word' id='word_1_125' title='bbox 1901 1451 2137 1507; x_wconf 64' lang='grc' dir='ltr'>ιτοΐεοιιιε</span> <span class='ocrx_word' id='word_1_126' title='bbox 2177 1453 2230 1506; x_wconf 91' lang='lat' dir='ltr'><strong>in</strong></span> <span class='ocrx_word' id='word_1_127' title='bbox 2276 1467 2338 1508; x_wconf 89' lang='lat' dir='ltr'><strong>ea</strong></span> <span class='ocrx_word' id='word_1_128' title='bbox 2367 1455 2599 1518; x_wconf 81' lang='lat' dir='ltr'><strong>doceret,</strong></span> <span class='ocrx_word' id='word_1_129' title='bbox 2639 1454 2810 1508; x_wconf 89' lang='lat' dir='ltr'><strong>tribus</strong></span> <span class='ocrx_word' id='word_1_130' title='bbox 2852 1463 3056 1509; x_wconf 89' lang='lat' dir='ltr'><strong>tantum</strong></span> <span class='ocrx_word' id='word_1_131' title='bbox 3099 1457 3286 1510; x_wconf 90' lang='lat' dir='ltr'><strong>diebus</strong></span> <span class='ocrx_word' id='word_1_132' title='bbox 3313 1472 3403 1508; x_wconf 88' lang='lat' dir='ltr'><strong>ur-</strong></span> 
     </span>
    </p>
   </div>
   <div class='ocr_carea' id='block_1_25' title="bbox 237 1537 1802 1612">
    <p class='ocr_par' dir='ltr' id='par_1_25' title="bbox 237 1537 1775 1612">
     <span class='ocr_line' id='line_1_25' title="bbox 237 1537 1775 1612; baseline -0.005 -18"><span class='ocrx_word' id='word_1_133' title='bbox 237 1542 325 1594; x_wconf 73' lang='grc' dir='ltr'><strong>καὶ</strong></span> <span class='ocrx_word' id='word_1_134' title='bbox 346 1542 859 1612; x_wconf 76' lang='grc' dir='ltr'>καταστραφήσεται</span> <span class='ocrx_word' id='word_1_135' title='bbox 887 1543 917 1609; x_wconf 79' lang='grc' dir='ltr'>ἡ</span> <span class='ocrx_word' id='word_1_136' title='bbox 944 1541 1158 1609; x_wconf 83' lang='grc' dir='ltr'>Νινευή.</span> <span class='ocrx_word' id='word_1_137' title='bbox 1200 1540 1331 1591; x_wconf 79' lang='grc' dir='ltr'>Ἀλλ’</span> <span class='ocrx_word' id='word_1_138' title='bbox 1366 1539 1541 1600; x_wconf 80' lang='grc' dir='ltr'><strong>Ἰωνᾶς</strong></span> <span class='ocrx_word' id='word_1_139' title='bbox 1566 1537 1775 1604; x_wconf 83' lang='grc' dir='ltr'>φεύγων</span> 
     </span>
    </p>
   </div>
   <div class='ocr_carea' id='block_1_26' title="bbox 1901 1537 3403 1612">
    <p class='ocr_par' dir='ltr' id='par_1_26' title="bbox 1901 1541 3403 1598">
     <span class='ocr_line' id='line_1_26' title="bbox 1901 1541 3403 1598; baseline 0.005 -8"><span class='ocrx_word' id='word_1_140' title='bbox 1901 1555 1989 1593; x_wconf 63' lang='grc' dir='ltr'>ιειη</span> <span class='ocrx_word' id='word_1_141' title='bbox 2011 1555 2126 1593; x_wconf 89' lang='lat' dir='ltr'><strong>eam</strong></span> <span class='ocrx_word' id='word_1_142' title='bbox 2157 1541 2221 1594; x_wconf 84' lang='lat' dir='ltr'><strong>ab</strong></span> <span class='ocrx_word' id='word_1_143' title='bbox 2243 1541 2458 1596; x_wconf 88' lang='lat' dir='ltr'><strong>interitu</strong></span> <span class='ocrx_word' id='word_1_144' title='bbox 2487 1543 2691 1597; x_wconf 89' lang='lat' dir='ltr'><strong>abesse.</strong></span> <span class='ocrx_word' id='word_1_145' title='bbox 2721 1541 2823 1595; x_wconf 86' lang='lat' dir='ltr'><strong>Sed</strong></span> <span class='ocrx_word' id='word_1_146' title='bbox 2853 1559 2970 1596; x_wconf 90' lang='lat' dir='ltr'><strong>cum</strong></span> <span class='ocrx_word' id='word_1_147' title='bbox 2997 1543 3231 1597; x_wconf 75' lang='lat' dir='ltr'><strong>mandati</strong></span> <span class='ocrx_word' id='word_1_148' title='bbox 3265 1559 3403 1598; x_wconf 90' lang='lat' dir='ltr'><strong>onus</strong></span> 
     </span>
    </p>
   </div>
   <div class='ocr_carea' id='block_1_27' title="bbox 233 1625 1774 1702">
    <p class='ocr_par' dir='ltr' id='par_1_27' title="bbox 233 1625 1774 1702">
     <span class='ocr_line' id='line_1_27' title="bbox 233 1625 1774 1702; baseline -0.006 -18"><span class='ocrx_word' id='word_1_149' title='bbox 233 1632 292 1683; x_wconf 81' lang='grc' dir='ltr'><strong>τδ</strong></span> <span class='ocrx_word' id='word_1_150' title='bbox 325 1632 617 1702; x_wconf 83' lang='grc' dir='ltr'>κήρυγμα,</span> <span class='ocrx_word' id='word_1_151' title='bbox 660 1631 819 1700; x_wconf 74' lang='grc' dir='ltr'>ἀνέϐη</span> <span class='ocrx_word' id='word_1_152' title='bbox 868 1633 946 1692; x_wconf 85' lang='grc' dir='ltr'><strong>είς</strong></span> <span class='ocrx_word' id='word_1_153' title='bbox 977 1629 1036 1681; x_wconf 81' lang='grc' dir='ltr'><strong>τὸ</strong></span> <span class='ocrx_word' id='word_1_154' title='bbox 1068 1629 1262 1682; x_wconf 79' lang='grc' dir='ltr'>πλοῖον.</span> <span class='ocrx_word' id='word_1_155' title='bbox 1311 1627 1584 1697; x_wconf 83' lang='grc' dir='ltr'>Χειμῶνός</span> <span class='ocrx_word' id='word_1_156' title='bbox 1613 1625 1685 1694; x_wconf 73' lang='grc'><strong>(2)</strong></span> <span class='ocrx_word' id='word_1_157' title='bbox 1719 1641 1774 1674; x_wconf 88' lang='grc' dir='ltr'><strong>τε</strong></span> 
     </span>
    </p>
   </div>
   <div class='ocr_carea' id='block_1_28' title="bbox 236 1717 1776 1792">
    <p class='ocr_par' dir='ltr' id='par_1_28' title="bbox 236 1717 1776 1792">
     <span class='ocr_line' id='line_1_28' title="bbox 236 1717 1776 1792; baseline -0.005 -18"><span class='ocrx_word' id='word_1_158' title='bbox 236 1723 530 1792; x_wconf 75' lang='grc' dir='ltr'>γενομένου</span> <span class='ocrx_word' id='word_1_159' title='bbox 558 1722 832 1791; x_wconf 78' lang='grc' dir='ltr'>ἐξεϐλήθη,</span> <span class='ocrx_word' id='word_1_160' title='bbox 866 1721 957 1773; x_wconf 69' lang='grc' dir='ltr'><strong>καὶ</strong></span> <span class='ocrx_word' id='word_1_161' title='bbox 987 1721 1250 1790; x_wconf 80' lang='grc' dir='ltr'><strong>κατεπόθη</strong></span> <span class='ocrx_word' id='word_1_162' title='bbox 1283 1721 1384 1772; x_wconf 80' lang='grc' dir='ltr'><strong>ὑπὸ</strong></span> <span class='ocrx_word' id='word_1_163' title='bbox 1407 1721 1566 1790; x_wconf 74' lang='grc' dir='ltr'>κήτου</span> <span class='ocrx_word' id='word_1_164' title='bbox 1593 1717 1776 1770; x_wconf 88' lang='grc' dir='ltr'>θαλασ-</span> 
     </span>
    </p>
   </div>
   <div class='ocr_carea' id='block_1_29' title="bbox 1874 1629 3402 1701">
    <p class='ocr_par' dir='ltr' id='par_1_29' title="bbox 1874 1629 3402 1701">
     <span class='ocr_line' id='line_1_29' title="bbox 1874 1629 3402 1701; baseline 0.003 -19"><span class='ocrx_word' id='word_1_165' title='bbox 1874 1629 2184 1693; x_wconf 89' lang='lat' dir='ltr'><strong>declinaret,</strong></span> <span class='ocrx_word' id='word_1_166' title='bbox 2213 1632 2432 1701; x_wconf 79' lang='lat' dir='ltr'><strong>contigit</strong></span> <span class='ocrx_word' id='word_1_167' title='bbox 2455 1639 2513 1685; x_wconf 92' lang='lat' dir='ltr'><strong>ut</strong></span> <span class='ocrx_word' id='word_1_168' title='bbox 2538 1647 2690 1697; x_wconf 90' lang='lat' dir='ltr'><strong>nave,</strong></span> <span class='ocrx_word' id='word_1_169' title='bbox 2730 1632 2784 1684; x_wconf 92' lang='lat' dir='ltr'><strong>in</strong></span> <span class='ocrx_word' id='word_1_170' title='bbox 2815 1647 2971 1701; x_wconf 89' lang='lat' dir='ltr'><strong>quam</strong></span> <span class='ocrx_word' id='word_1_171' title='bbox 2999 1634 3402 1696; x_wconf 83' lang='lat' dir='ltr'><strong>conscenderat,</strong></span> 
     </span>
    </p>
   </div>
   <div class='ocr_carea' id='block_1_30' title="bbox 1875 1718 3404 1788">
    <p class='ocr_par' dir='ltr' id='par_1_30' title="bbox 1875 1718 3404 1788">
     <span class='ocr_line' id='line_1_30' title="bbox 1875 1718 3404 1788; baseline 0.005 -20"><span class='ocrx_word' id='word_1_172' title='bbox 1875 1718 2275 1785; x_wconf 84' lang='lat' dir='ltr'><strong>tempestatibus</strong></span> <span class='ocrx_word' id='word_1_173' title='bbox 2318 1719 2536 1787; x_wconf 82' lang='lat' dir='ltr'><strong>agitata,</strong></span> <span class='ocrx_word' id='word_1_174' title='bbox 2570 1720 2625 1771; x_wconf 85' lang='lat' dir='ltr'><strong>in</strong></span> <span class='ocrx_word' id='word_1_175' title='bbox 2674 1734 2818 1773; x_wconf 90' lang='lat' dir='ltr'><strong>mare</strong></span> <span class='ocrx_word' id='word_1_176' title='bbox 2863 1719 3065 1786; x_wconf 84' lang='lat' dir='ltr'><strong>ejectus</strong></span> <span class='ocrx_word' id='word_1_177' title='bbox 3116 1735 3147 1772; x_wconf 91' lang='lat' dir='ltr'><strong>a</strong></span> <span class='ocrx_word' id='word_1_178' title='bbox 3187 1722 3404 1788; x_wconf 88' lang='lat' dir='ltr'><strong>pistrice</strong></span> 
     </span>
    </p>
   </div>
   <div class='ocr_carea' id='block_1_31' title="bbox 236 1798 1802 1881">
    <p class='ocr_par' dir='ltr' id='par_1_31' title="bbox 236 1798 1774 1881">
     <span class='ocr_line' id='line_1_31' title="bbox 236 1798 1774 1881; baseline -0.006 -16"><span class='ocrx_word' id='word_1_179' title='bbox 236 1813 370 1866; x_wconf 86' lang='grc' dir='ltr'>σίου.</span> <span class='ocrx_word' id='word_1_180' title='bbox 415 1809 546 1864; x_wconf 81' lang='grc' dir='ltr'>Εἶτα</span> <span class='ocrx_word' id='word_1_181' title='bbox 575 1812 709 1881; x_wconf 84' lang='grc' dir='ltr'>μετὰ</span> <span class='ocrx_word' id='word_1_182' title='bbox 735 1815 877 1881; x_wconf 87' lang='grc' dir='ltr'>τρεῖς</span> <span class='ocrx_word' id='word_1_183' title='bbox 932 1812 1134 1880; x_wconf 77' lang='grc' dir='ltr'>ἡμέρας</span> <span class='ocrx_word' id='word_1_184' title='bbox 1169 1798 1378 1874; x_wconf 69' lang='grc' dir='ltr'>ἐξέϐαλε</span> <span class='ocrx_word' id='word_1_185' title='bbox 1415 1810 1472 1860; x_wconf 80' lang='grc' dir='ltr'><strong>τὸ</strong></span> <span class='ocrx_word' id='word_1_186' title='bbox 1504 1809 1662 1877; x_wconf 86' lang='grc' dir='ltr'>κῆτος</span> <span class='ocrx_word' id='word_1_187' title='bbox 1687 1806 1774 1857; x_wconf 75' lang='grc' dir='ltr'><strong>τὸν</strong></span> 
     </span>
    </p>
   </div>
   <div class='ocr_carea' id='block_1_32' title="bbox 1901 1798 3400 1881">
    <p class='ocr_par' dir='ltr' id='par_1_32' title="bbox 1901 1805 3400 1876">
     <span class='ocr_line' id='line_1_32' title="bbox 1901 1805 3400 1876; baseline 0.001 -18"><span class='ocrx_word' id='word_1_188' title='bbox 1901 1805 2294 1860; x_wconf 66' lang='grc' dir='ltr'>ὼεοώειέῑυιέ</span> <span class='ocrx_word' id='word_1_189' title='bbox 2337 1823 2454 1876; x_wconf 69' lang='lat' dir='ltr'><strong>qua:</strong></span> <span class='ocrx_word' id='word_1_190' title='bbox 2506 1809 2746 1862; x_wconf 87' lang='lat' dir='ltr'><strong>eumdem</strong></span> <span class='ocrx_word' id='word_1_191' title='bbox 2817 1809 2990 1861; x_wconf 80' lang='lat' dir='ltr'><strong>triduo</strong></span> <span class='ocrx_word' id='word_1_192' title='bbox 3041 1815 3162 1876; x_wconf 92' lang='lat' dir='ltr'><strong>post</strong></span> <span class='ocrx_word' id='word_1_193' title='bbox 3226 1809 3400 1862; x_wconf 88' lang='lat' dir='ltr'><strong>vivum</strong></span> 
     </span>
    </p>
   </div>
   <div class='ocr_carea' id='block_1_33' title="bbox 248 1873 1802 1970">
    <p class='ocr_par' dir='ltr' id='par_1_33' title="bbox 248 1873 1774 1970">
     <span class='ocr_line' id='line_1_33' title="bbox 248 1873 1774 1970; baseline -0.005 -15"><span class='ocrx_word' id='word_1_194' title='bbox 248 1903 438 1956; x_wconf 83' lang='grc' dir='ltr'>Ἰωνάν</span> <span class='ocrx_word' id='word_1_195' title='bbox 466 1873 655 1965; x_wconf 75' lang='grc' dir='ltr'>ζῶντα.</span> <span class='ocrx_word' id='word_1_196' title='bbox 689 1873 797 1955; x_wconf 49' lang='grc' dir='ltr'>Καὶ</span> <span class='ocrx_word' id='word_1_197' title='bbox 836 1873 990 1954; x_wconf 74' lang='grc' dir='ltr'>πάλιν</span> <span class='ocrx_word' id='word_1_198' title='bbox 1118 1900 1366 1970; x_wconf 76' lang='grc' dir='ltr'>δευτέρας</span> <span class='ocrx_word' id='word_1_199' title='bbox 1393 1900 1540 1966; x_wconf 88' lang='grc' dir='ltr'>λόγος</span> <span class='ocrx_word' id='word_1_200' title='bbox 1563 1873 1774 1966; x_wconf 36' lang='grc' dir='ltr'>’Κυρίου</span> 
     </span>
    </p>
   </div>
   <div class='ocr_carea' id='block_1_34' title="bbox 1901 1873 3402 1970">
    <p class='ocr_par' dir='ltr' id='par_1_34' title="bbox 1901 1873 3402 1958">
     <span class='ocr_line' id='line_1_34' title="bbox 1901 1873 3402 1958; baseline 0.005 -16"><span class='ocrx_word' id='word_1_201' title='bbox 1901 1895 2124 1946; x_wconf 65' lang='lat' dir='ltr'><strong>:vomuit.</strong></span> <span class='ocrx_word' id='word_1_202' title='bbox 2154 1873 2568 1949; x_wconf 39' lang='lat' dir='ltr'><strong>lterato—deinde</strong></span> <span class='ocrx_word' id='word_1_203' title='bbox 2605 1893 2669 1947; x_wconf 91' lang='lat' dir='ltr'><strong>ad</strong></span> <span class='ocrx_word' id='word_1_204' title='bbox 2720 1909 2841 1948; x_wconf 88' lang='lat' dir='ltr'><strong>eum</strong></span> <span class='ocrx_word' id='word_1_205' title='bbox 2884 1873 3091 1948; x_wconf 77' lang='lat' dir='ltr'><strong>Domini</strong></span> <span class='ocrx_word' id='word_1_206' title='bbox 3137 1911 3402 1958; x_wconf 88' lang='lat' dir='ltr'><strong>sermone.</strong></span> 
     </span>
    </p>
   </div>
   <div class='ocr_carea' id='block_1_35' title="bbox 235 1979 1802 2064">
    <p class='ocr_par' dir='ltr' id='par_1_35' title="bbox 235 1988 1779 2064">
     <span class='ocr_line' id='line_1_35' title="bbox 235 1988 1779 2064; baseline -0.006 -17"><span class='ocrx_word' id='word_1_207' title='bbox 235 1995 460 2064; x_wconf 84' lang='grc' dir='ltr'>ὲγένετο</span> <span class='ocrx_word' id='word_1_208' title='bbox 488 1993 623 2062; x_wconf 83' lang='grc' dir='ltr'>πρὸς</span> <span class='ocrx_word' id='word_1_209' title='bbox 653 1992 827 2046; x_wconf 84' lang='grc' dir='ltr'>αὐτόν.</span> <span class='ocrx_word' id='word_1_210' title='bbox 872 1993 976 2044; x_wconf 70' lang='grc' dir='ltr'><strong>Καὶ</strong></span> <span class='ocrx_word' id='word_1_211' title='bbox 1017 1991 1257 2043; x_wconf 81' lang='grc' dir='ltr'>ἀπελθὼν</span> <span class='ocrx_word' id='word_1_212' title='bbox 1299 1992 1551 2060; x_wconf 78' lang='grc' dir='ltr'><strong>ἐκήρυξεν</strong></span> <span class='ocrx_word' id='word_1_213' title='bbox 1586 1990 1660 2048; x_wconf 88' lang='grc' dir='ltr'><strong>είς</strong></span> <span class='ocrx_word' id='word_1_214' title='bbox 1685 1988 1779 2053; x_wconf 74' lang='grc' dir='ltr'>τὴν</span> 
     </span>
    </p>
   </div>
   <div class='ocr_carea' id='block_1_36' title="bbox 1901 1979 3406 2064">
    <p class='ocr_par' dir='ltr' id='par_1_36' title="bbox 1901 1979 3406 2051">
     <span class='ocr_line' id='line_1_36' title="bbox 1901 1979 3406 2051; baseline 0.003 -20"><span class='ocrx_word' id='word_1_215' title='bbox 1901 1979 2118 2034; x_wconf 78' lang='lat' dir='ltr'><strong>iinivam</strong></span> <span class='ocrx_word' id='word_1_216' title='bbox 2175 1983 2447 2050; x_wconf 89' lang='lat' dir='ltr'><strong>appulsus,</strong></span> <span class='ocrx_word' id='word_1_217' title='bbox 2501 1983 2678 2051; x_wconf 88' lang='lat' dir='ltr'><strong>ibique</strong></span> <span class='ocrx_word' id='word_1_218' title='bbox 2732 1983 3104 2049; x_wconf 87' lang='lat' dir='ltr'><strong>concionatus,</strong></span> <span class='ocrx_word' id='word_1_219' title='bbox 3151 1983 3294 2038; x_wconf 90' lang='lat' dir='ltr'><strong>cives</strong></span> <span class='ocrx_word' id='word_1_220' title='bbox 3340 1985 3406 2036; x_wconf 86' lang='lat' dir='ltr'><strong>ad</strong></span> 
     </span>
    </p>
   </div>
   <div class='ocr_carea' id='block_1_37' title="bbox 237 2078 1783 2155">
    <p class='ocr_par' dir='ltr' id='par_1_37' title="bbox 237 2078 1783 2155">
     <span class='ocr_line' id='line_1_37' title="bbox 237 2078 1783 2155; baseline -0.005 -19"><span class='ocrx_word' id='word_1_221' title='bbox 237 2085 466 2155; x_wconf 81' lang='grc' dir='ltr'>Νινευὴ,</span> <span class='ocrx_word' id='word_1_222' title='bbox 505 2083 696 2137; x_wconf 77' lang='grc' dir='ltr'>ἐκεῖνοί</span> <span class='ocrx_word' id='word_1_223' title='bbox 721 2100 777 2135; x_wconf 86' lang='grc' dir='ltr'><strong>τε</strong></span> <span class='ocrx_word' id='word_1_224' title='bbox 803 2083 1120 2143; x_wconf 82' lang='grc' dir='ltr'>ἀκούσαντες</span> <span class='ocrx_word' id='word_1_225' title='bbox 1147 2078 1624 2150; x_wconf 73' lang='grc' dir='ltr'>ὲμετανόησαν,κα“ι</span> <span class='ocrx_word' id='word_1_226' title='bbox 1649 2093 1783 2145; x_wconf 85' lang='grc' dir='ltr'>παρ-</span> 
     </span>
    </p>
   </div>
   <div class='ocr_carea' id='block_1_38' title="bbox 234 2167 1783 2244">
    <p class='ocr_par' dir='ltr' id='par_1_38' title="bbox 234 2167 1783 2244">
     <span class='ocr_line' id='line_1_38' title="bbox 234 2167 1783 2244; baseline -0.008 -16"><span class='ocrx_word' id='word_1_227' title='bbox 234 2175 421 2244; x_wconf 80' lang='grc' dir='ltr'>ήγαγε</span> <span class='ocrx_word' id='word_1_228' title='bbox 464 2173 662 2242; x_wconf 83' lang='grc' dir='ltr'>Κύριος</span> <span class='ocrx_word' id='word_1_229' title='bbox 715 2173 809 2241; x_wconf 81' lang='grc' dir='ltr'><strong>τὴν</strong></span> <span class='ocrx_word' id='word_1_230' title='bbox 853 2171 1016 2242; x_wconf 81' lang='grc' dir='ltr'>ὀργὴν</span> <span class='ocrx_word' id='word_1_231' title='bbox 1058 2173 1152 2223; x_wconf 85' lang='grc' dir='ltr'><strong>ἀπ’</strong></span> <span class='ocrx_word' id='word_1_232' title='bbox 1204 2170 1395 2223; x_wconf 80' lang='grc' dir='ltr'>αὐτῶν.</span> <span class='ocrx_word' id='word_1_233' title='bbox 1455 2169 1563 2237; x_wconf 82' lang='grc' dir='ltr'><strong>Τῆς</strong></span> <span class='ocrx_word' id='word_1_234' title='bbox 1611 2167 1783 2236; x_wconf 81' lang='grc' dir='ltr'>μέντοι</span> 
     </span>
    </p>
   </div>
   <div class='ocr_carea' id='block_1_39' title="bbox 1879 2070 3408 2142">
    <p class='ocr_par' dir='ltr' id='par_1_39' title="bbox 1879 2070 3408 2142">
     <span class='ocr_line' id='line_1_39' title="bbox 1879 2070 3408 2142; baseline 0.003 -19"><span class='ocrx_word' id='word_1_235' title='bbox 1879 2070 2299 2139; x_wconf 89' lang='lat' dir='ltr'><strong>resipiscentiam</strong></span> <span class='ocrx_word' id='word_1_236' title='bbox 2347 2072 2593 2135; x_wconf 83' lang='lat' dir='ltr'><strong>adduxit,</strong></span> <span class='ocrx_word' id='word_1_237' title='bbox 2639 2082 2691 2127; x_wconf 91' lang='lat' dir='ltr'><strong>et</strong></span> <span class='ocrx_word' id='word_1_238' title='bbox 2738 2074 2870 2126; x_wconf 90' lang='lat' dir='ltr'><strong>iram</strong></span> <span class='ocrx_word' id='word_1_239' title='bbox 2918 2072 3127 2128; x_wconf 88' lang='lat' dir='ltr'><strong>Domini</strong></span> <span class='ocrx_word' id='word_1_240' title='bbox 3167 2073 3235 2127; x_wconf 83' lang='lat' dir='ltr'><strong>ab</strong></span> <span class='ocrx_word' id='word_1_241' title='bbox 3278 2073 3408 2142; x_wconf 88' lang='lat' dir='ltr'><strong>ipsis</strong></span> 
     </span>
    </p>
   </div>
   <div class='ocr_carea' id='block_1_40' title="bbox 1883 2159 3405 2232">
    <p class='ocr_par' dir='ltr' id='par_1_40' title="bbox 1883 2159 3405 2232">
     <span class='ocr_line' id='line_1_40' title="bbox 1883 2159 3405 2232; baseline 0.001 -21"><span class='ocrx_word' id='word_1_242' title='bbox 1883 2159 2090 2212; x_wconf 83' lang='lat' dir='ltr'><strong>avertit.</strong></span> <span class='ocrx_word' id='word_1_243' title='bbox 2124 2159 2243 2213; x_wconf 88' lang='lat' dir='ltr'><strong>Fuit</strong></span> <span class='ocrx_word' id='word_1_244' title='bbox 2269 2162 2479 2228; x_wconf 85' lang='lat' dir='ltr'><strong>quidem</strong></span> <span class='ocrx_word' id='word_1_245' title='bbox 2521 2169 2664 2215; x_wconf 89' lang='lat' dir='ltr'><strong>certe</strong></span> <span class='ocrx_word' id='word_1_246' title='bbox 2696 2159 2986 2216; x_wconf 82' lang='lat' dir='ltr'><strong>Salvatoris</strong></span> <span class='ocrx_word' id='word_1_247' title='bbox 3029 2163 3222 2232; x_wconf 80' lang='lat' dir='ltr'><strong>imago,</strong></span> <span class='ocrx_word' id='word_1_248' title='bbox 3251 2176 3405 2231; x_wconf 88' lang='lat' dir='ltr'><strong>quem</strong></span> 
     </span>
    </p>
   </div>
   <div class='ocr_carea' id='block_1_41' title="bbox 239 2249 1802 2334">
    <p class='ocr_par' dir='ltr' id='par_1_41' title="bbox 239 2255 1788 2334">
     <span class='ocr_line' id='line_1_41' title="bbox 239 2255 1788 2334; baseline -0.008 -18"><span class='ocrx_word' id='word_1_249' title='bbox 239 2262 549 2334; x_wconf 79' lang='grc' dir='ltr'>παρουσίας</span> <span class='ocrx_word' id='word_1_250' title='bbox 585 2262 676 2313; x_wconf 83' lang='grc' dir='ltr'><strong>τοῦ</strong></span> <span class='ocrx_word' id='word_1_251' title='bbox 710 2261 954 2331; x_wconf 80' lang='grc' dir='ltr'>Σωτῆρος</span> <span class='ocrx_word' id='word_1_252' title='bbox 996 2262 1212 2329; x_wconf 83' lang='grc' dir='ltr'>σημεῖον</span> <span class='ocrx_word' id='word_1_253' title='bbox 1254 2259 1408 2319; x_wconf 82' lang='grc' dir='ltr'>αὐτὸς</span> <span class='ocrx_word' id='word_1_254' title='bbox 1446 2257 1650 2324; x_wconf 88' lang='grc' dir='ltr'>γέγονε,</span> <span class='ocrx_word' id='word_1_255' title='bbox 1696 2255 1788 2304; x_wconf 73' lang='grc' dir='ltr'><strong>καὶ</strong></span> 
     </span>
    </p>
   </div>
   <div class='ocr_carea' id='block_1_42' title="bbox 1901 2249 2984 2334">
    <p class='ocr_par' dir='ltr' id='par_1_42' title="bbox 1901 2249 2984 2320">
     <span class='ocr_line' id='line_1_42' title="bbox 1901 2249 2984 2320; baseline 0.004 -20"><span class='ocrx_word' id='word_1_256' title='bbox 1901 2249 2072 2306; x_wconf 68' lang='grc' dir='ltr'><strong>ιὶεινίι</strong></span> <span class='ocrx_word' id='word_1_257' title='bbox 2109 2249 2327 2302; x_wconf 66' lang='grc' dir='ltr'>ίιιαεειιιιι</span> <span class='ocrx_word' id='word_1_258' title='bbox 2360 2251 2625 2320; x_wconf 82' lang='lat' dir='ltr'><strong>absorpsit</strong></span> <span class='ocrx_word' id='word_1_259' title='bbox 2651 2260 2704 2305; x_wconf 92' lang='lat' dir='ltr'><strong>et</strong></span> <span class='ocrx_word' id='word_1_260' title='bbox 2731 2253 2984 2306; x_wconf 82' lang='lat' dir='ltr'><strong>evomuit.</strong></span> 
     </span>
    </p>
   </div>
   <div class='ocr_carea' id='block_1_43' title="bbox 237 2344 1785 2418">
    <p class='ocr_par' dir='ltr' id='par_1_43' title="bbox 237 2344 1785 2418">
     <span class='ocr_line' id='line_1_43' title="bbox 237 2344 1785 2418; baseline -0.007 -14"><span class='ocrx_word' id='word_1_261' title='bbox 237 2352 575 2415; x_wconf 76' lang='grc' dir='ltr'>καταποθεὶς</span> <span class='ocrx_word' id='word_1_262' title='bbox 603 2351 704 2403; x_wconf 78' lang='grc' dir='ltr'><strong>ὑπὸ</strong></span> <span class='ocrx_word' id='word_1_263' title='bbox 730 2350 821 2402; x_wconf 77' lang='grc' dir='ltr'><strong>τοῦ</strong></span> <span class='ocrx_word' id='word_1_264' title='bbox 849 2351 1058 2418; x_wconf 72' lang='grc' dir='ltr'>κήτους,</span> <span class='ocrx_word' id='word_1_265' title='bbox 1100 2350 1189 2401; x_wconf 74' lang='grc' dir='ltr'><strong>καὶ</strong></span> <span class='ocrx_word' id='word_1_266' title='bbox 1228 2347 1502 2418; x_wconf 73' lang='grc' dir='ltr'>ἐκϐληθεὶς</span> <span class='ocrx_word' id='word_1_267' title='bbox 1531 2344 1785 2412; x_wconf 76' lang='grc' dir='ltr'>ἀϐλαϐής.</span> 
     </span>
    </p>
   </div>
   <div class='ocr_carea' id='block_1_44' title="bbox 503 2456 1547 2518">
    <p class='ocr_par' dir='ltr' id='par_1_44' title="bbox 503 2456 1547 2518">
     <span class='ocr_line' id='line_1_44' title="bbox 503 2456 1547 2518; baseline -0.008 -4"><span class='ocrx_word' id='word_1_268' title='bbox 503 2461 740 2514; x_wconf 81' lang='grc' dir='ltr'><strong>ΝΔΟΥΜ</strong></span> <span class='ocrx_word' id='word_1_269' title='bbox 784 2462 823 2514; x_wconf 92' lang='grc' dir='ltr'>Ο</span> <span class='ocrx_word' id='word_1_270' title='bbox 868 2459 1001 2511; x_wconf 90' lang='grc' dir='ltr'>ΤΟΥ</span> <span class='ocrx_word' id='word_1_271' title='bbox 1045 2456 1442 2518; x_wconf 82' lang='grc' dir='ltr'><strong>ΕΛΚΕΣΑΙΟΥ,</strong></span> <span class='ocrx_word' id='word_1_272' title='bbox 1478 2457 1547 2507; x_wconf 92' lang='grc' dir='ltr'><strong>Ζ’.</strong></span> 
     </span>
    </p>
   </div>
   <div class='ocr_carea' id='block_1_45' title="bbox 305 2541 1790 2620">
    <p class='ocr_par' dir='ltr' id='par_1_45' title="bbox 305 2541 1790 2620">
     <span class='ocr_line' id='line_1_45' title="bbox 305 2541 1790 2620; baseline -0.006 -17"><span class='ocrx_word' id='word_1_273' title='bbox 305 2551 526 2620; x_wconf 79' lang='grc' dir='ltr'>Λῆμμα</span> <span class='ocrx_word' id='word_1_274' title='bbox 575 2549 700 2618; x_wconf 76' lang='grc' dir='ltr'>περὶ</span> <span class='ocrx_word' id='word_1_275' title='bbox 747 2547 843 2618; x_wconf 88' lang='grc' dir='ltr'><strong>τῆς</strong></span> <span class='ocrx_word' id='word_1_276' title='bbox 886 2546 1151 2608; x_wconf 80' lang='grc' dir='ltr'>ἀπωλείας</span> <span class='ocrx_word' id='word_1_277' title='bbox 1195 2545 1388 2613; x_wconf 84' lang='grc' dir='ltr'>Νινευῆ</span> <span class='ocrx_word' id='word_1_278' title='bbox 1429 2542 1548 2612; x_wconf 87' lang='lat' dir='ltr'><strong>(sic)</strong></span> <span class='ocrx_word' id='word_1_279' title='bbox 1597 2541 1790 2610; x_wconf 76' lang='grc' dir='ltr'>βιϐλίον</span> 
     </span>
    </p>
   </div>
   <div class='ocr_carea' id='block_1_46' title="bbox 235 2633 1794 2710">
    <p class='ocr_par' dir='ltr' id='par_1_46' title="bbox 235 2633 1794 2710">
     <span class='ocr_line' id='line_1_46' title="bbox 235 2633 1794 2710; baseline -0.008 -17"><span class='ocrx_word' id='word_1_280' title='bbox 235 2642 515 2710; x_wconf 80' lang='grc' dir='ltr'>ὁράσεως.</span> <span class='ocrx_word' id='word_1_281' title='bbox 551 2637 880 2709; x_wconf 82' lang='grc' dir='ltr'>Προφητεύει</span> <span class='ocrx_word' id='word_1_282' title='bbox 909 2638 1000 2690; x_wconf 72' lang='grc' dir='ltr'><strong>καὶ</strong></span> <span class='ocrx_word' id='word_1_283' title='bbox 1027 2636 1277 2707; x_wconf 83' lang='grc' dir='ltr'>κηρύττει</span> <span class='ocrx_word' id='word_1_284' title='bbox 1305 2636 1398 2704; x_wconf 85' lang='grc' dir='ltr'>μὲν</span> <span class='ocrx_word' id='word_1_285' title='bbox 1422 2634 1656 2703; x_wconf 73' lang='grc' dir='ltr'>καὶπερὶ</span> <span class='ocrx_word' id='word_1_286' title='bbox 1679 2633 1794 2702; x_wconf 76' lang='grc' dir='ltr'><strong>ἐορ-</strong></span> 
     </span>
    </p>
   </div>
   <div class='ocr_carea' id='block_1_47' title="bbox 235 2723 1794 2801">
    <p class='ocr_par' dir='ltr' id='par_1_47' title="bbox 235 2723 1794 2801">
     <span class='ocr_line' id='line_1_47' title="bbox 235 2723 1794 2801; baseline -0.006 -19"><span class='ocrx_word' id='word_1_287' title='bbox 235 2733 357 2799; x_wconf 83' lang='grc' dir='ltr'>τῆς.</span> <span class='ocrx_word' id='word_1_288' title='bbox 399 2729 767 2801; x_wconf 80' lang='grc' dir='ltr'>Προσημαίνει</span> <span class='ocrx_word' id='word_1_289' title='bbox 799 2728 852 2779; x_wconf 82' lang='grc' dir='ltr'><strong>δὲ</strong></span> <span class='ocrx_word' id='word_1_290' title='bbox 883 2729 937 2779; x_wconf 83' lang='grc' dir='ltr'>ὲν</span> <span class='ocrx_word' id='word_1_291' title='bbox 975 2727 1108 2796; x_wconf 75' lang='grc' dir='ltr'>αὐτῇ</span> <span class='ocrx_word' id='word_1_292' title='bbox 1140 2727 1263 2796; x_wconf 74' lang='grc' dir='ltr'>περὶ</span> <span class='ocrx_word' id='word_1_293' title='bbox 1290 2725 1380 2777; x_wconf 82' lang='grc' dir='ltr'><strong>τοῦ</strong></span> <span class='ocrx_word' id='word_1_294' title='bbox 1408 2724 1672 2792; x_wconf 79' lang='grc' dir='ltr'>Σωτῆρος.</span> <span class='ocrx_word' id='word_1_295' title='bbox 1703 2723 1794 2773; x_wconf 61' lang='grc' dir='ltr'><strong>καὶ⁹</strong></span> 
     </span>
    </p>
   </div>
   <div class='ocr_carea' id='block_1_48' title="bbox 238 2811 1794 2884">
    <p class='ocr_par' dir='ltr' id='par_1_48' title="bbox 238 2811 1794 2884">
     <span class='ocr_line' id='line_1_48' title="bbox 238 2811 1794 2884; baseline -0.006 -14"><span class='ocrx_word' id='word_1_296' title='bbox 238 2819 308 2870; x_wconf 82' lang='grc' dir='ltr'>τὰ</span> <span class='ocrx_word' id='word_1_297' title='bbox 347 2817 522 2870; x_wconf 82' lang='grc' dir='ltr'>λοιπὰ</span> <span class='ocrx_word' id='word_1_298' title='bbox 569 2817 739 2868; x_wconf 86' lang='grc' dir='ltr'>πάντα</span> <span class='ocrx_word' id='word_1_299' title='bbox 785 2815 918 2868; x_wconf 84' lang='grc' dir='ltr'><strong>κατὰ</strong></span> <span class='ocrx_word' id='word_1_300' title='bbox 960 2816 1056 2884; x_wconf 80' lang='grc' dir='ltr'><strong>τῆς</strong></span> <span class='ocrx_word' id='word_1_301' title='bbox 1098 2814 1294 2882; x_wconf 87' lang='grc' dir='ltr'>Νινευῆ</span> <span class='ocrx_word' id='word_1_302' title='bbox 1317 2853 1330 2875; x_wconf 90' lang='grc'><strong>,</strong></span> <span class='ocrx_word' id='word_1_303' title='bbox 1373 2813 1465 2866; x_wconf 74' lang='grc' dir='ltr'>καὶ</span> <span class='ocrx_word' id='word_1_304' title='bbox 1495 2811 1584 2863; x_wconf 79' lang='grc' dir='ltr'><strong>τοῦ</strong></span> <span class='ocrx_word' id='word_1_305' title='bbox 1616 2811 1794 2871; x_wconf 84' lang='grc' dir='ltr'>τέλους</span> 
     </span>
    </p>
   </div>
   <div class='ocr_carea' id='block_1_49' title="bbox 239 2900 1666 2979">
    <p class='ocr_par' dir='ltr' id='par_1_49' title="bbox 239 2900 1666 2979">
     <span class='ocr_line' id='line_1_49' title="bbox 239 2900 1666 2979; baseline -0.006 -17"><span class='ocrx_word' id='word_1_306' title='bbox 239 2909 446 2979; x_wconf 74' lang='grc' dir='ltr'>αὐτῆς,</span> <span class='ocrx_word' id='word_1_307' title='bbox 475 2903 689 2958; x_wconf 74' lang='grc' dir='ltr'>καὶτῶν</span> <span class='ocrx_word' id='word_1_308' title='bbox 721 2905 922 2974; x_wconf 82' lang='grc' dir='ltr'>ἐχθρῶν</span> <span class='ocrx_word' id='word_1_309' title='bbox 941 2903 1032 2956; x_wconf 78' lang='grc' dir='ltr'>τοῦ</span> <span class='ocrx_word' id='word_1_310' title='bbox 1066 2903 1273 2974; x_wconf 84' lang='grc' dir='ltr'>Ἰσραὴλ</span> <span class='ocrx_word' id='word_1_311' title='bbox 1295 2900 1666 2971; x_wconf 81' lang='grc' dir='ltr'>παραγγέλλει.</span> 
     </span>
    </p>
   </div>
   <div class='ocr_carea' id='block_1_50' title="bbox 764 3012 1298 3073">
    <p class='ocr_par' dir='ltr' id='par_1_50' title="bbox 764 3012 1298 3073">
     <span class='ocr_line' id='line_1_50' title="bbox 764 3012 1298 3073; baseline 0 -9"><span class='ocrx_word' id='word_1_312' title='bbox 764 3012 1164 3073; x_wconf 78' lang='grc' dir='ltr'><strong>ΑΜΒΑΧΟΥΜ,</strong></span> <span class='ocrx_word' id='word_1_313' title='bbox 1217 3012 1298 3064; x_wconf 85' lang='lat' dir='ltr'><strong>H&#39;.</strong></span> 
     </span>
    </p>
   </div>
   <div class='ocr_carea' id='block_1_51' title="bbox 312 3094 1800 3172">
    <p class='ocr_par' dir='ltr' id='par_1_51' title="bbox 312 3094 1800 3172">
     <span class='ocr_line' id='line_1_51' title="bbox 312 3094 1800 3172; baseline -0.009 -14"><span class='ocrx_word' id='word_1_314' title='bbox 312 3105 409 3172; x_wconf 82' lang='grc' dir='ltr'>Λῆ</span> <span class='ocrx_word' id='word_1_315' title='bbox 419 3119 536 3172; x_wconf 88' lang='grc' dir='ltr'><strong>μμα</strong></span> <span class='ocrx_word' id='word_1_316' title='bbox 547 3102 638 3154; x_wconf 74' lang='grc' dir='ltr'>καὶ</span> <span class='ocrx_word' id='word_1_317' title='bbox 648 3101 804 3162; x_wconf 75' lang='grc' dir='ltr'>αὐτὸς</span> <span class='ocrx_word' id='word_1_318' title='bbox 819 3096 969 3152; x_wconf 72' lang='grc' dir='ltr'>εἶδενο</span> <span class='ocrx_word' id='word_1_319' title='bbox 985 3099 1304 3169; x_wconf 80' lang='grc' dir='ltr'>προφητεύει</span> <span class='ocrx_word' id='word_1_320' title='bbox 1314 3098 1554 3166; x_wconf 89' lang='grc' dir='ltr'>δεόμενος</span> <span class='ocrx_word' id='word_1_321' title='bbox 1572 3096 1664 3164; x_wconf 80' lang='grc' dir='ltr'>μὲν</span> <span class='ocrx_word' id='word_1_322' title='bbox 1678 3111 1742 3146; x_wconf 89' lang='grc' dir='ltr'><strong>πε</strong></span> <span class='ocrx_word' id='word_1_323' title='bbox 1750 3094 1800 3162; x_wconf 74' lang='lat' dir='ltr'><strong>pi.</strong></span> 
     </span>
    </p>
   </div>
   <div class='ocr_carea' id='block_1_52' title="bbox 234 3165 1859 3264">
    <p class='ocr_par' dir='ltr' id='par_1_52' title="bbox 234 3165 1859 3264">
     <span class='ocr_line' id='line_1_52' title="bbox 234 3165 1859 3264; baseline -0.01 -16"><span class='ocrx_word' id='word_1_324' title='bbox 234 3197 341 3264; x_wconf 79' lang='grc' dir='ltr'><strong>τῆς</strong></span> <span class='ocrx_word' id='word_1_325' title='bbox 371 3165 630 3251; x_wconf 61' lang='grc' dir='ltr'>ἀλωσεως</span> <span class='ocrx_word' id='word_1_326' title='bbox 650 3189 744 3257; x_wconf 88' lang='grc' dir='ltr'><strong>τῆς</strong></span> <span class='ocrx_word' id='word_1_327' title='bbox 774 3165 1130 3257; x_wconf 79' lang='grc' dir='ltr'>Ἰερουσαλὴμ.</span> <span class='ocrx_word' id='word_1_328' title='bbox 1152 3165 1542 3255; x_wconf 30' lang='grc' dir='ltr'>-Προσημαίνων</span> <span class='ocrx_word' id='word_1_329' title='bbox 1582 3183 1636 3234; x_wconf 76' lang='grc' dir='ltr'><strong>δὲ</strong></span> <span class='ocrx_word' id='word_1_330' title='bbox 1669 3183 1791 3250; x_wconf 80' lang='grc' dir='ltr'>περὶ</span> <span class='ocrx_word' id='word_1_331' title='bbox 1817 3165 1859 3221; x_wconf 68' lang='grc' dir='ltr'><strong>(ἶ</strong></span> 
     </span>
    </p>
   </div>
   <div class='ocr_carea' id='block_1_53' title="bbox 231 3269 1792 3349">
    <p class='ocr_par' dir='ltr' id='par_1_53' title="bbox 231 3269 1792 3349">
     <span class='ocr_line' id='line_1_53' title="bbox 231 3269 1792 3349; baseline -0.009 -15"><span class='ocrx_word' id='word_1_332' title='bbox 231 3282 350 3349; x_wconf 78' lang='grc' dir='ltr'><strong>τῆς</strong></span> <span class='ocrx_word' id='word_1_333' title='bbox 381 3275 681 3346; x_wconf 79' lang='grc' dir='ltr'>παρουσίας</span> <span class='ocrx_word' id='word_1_334' title='bbox 696 3274 786 3327; x_wconf 81' lang='grc' dir='ltr'>τοῦ</span> <span class='ocrx_word' id='word_1_335' title='bbox 807 3275 1067 3344; x_wconf 80' lang='grc' dir='ltr'>Σωτῆρος.</span> <span class='ocrx_word' id='word_1_336' title='bbox 1093 3274 1249 3340; x_wconf 81' lang='grc' dir='ltr'>Λέγει</span> <span class='ocrx_word' id='word_1_337' title='bbox 1278 3273 1332 3324; x_wconf 77' lang='grc' dir='ltr'><strong>δὲ</strong></span> <span class='ocrx_word' id='word_1_338' title='bbox 1361 3273 1452 3324; x_wconf 69' lang='grc' dir='ltr'>καὶ</span> <span class='ocrx_word' id='word_1_339' title='bbox 1474 3269 1792 3340; x_wconf 83' lang='grc' dir='ltr'>προφητεύει</span> 
     </span>
    </p>
   </div>
   <div class='ocr_carea' id='block_1_54' title="bbox 235 3359 1793 3433">
    <p class='ocr_par' dir='ltr' id='par_1_54' title="bbox 235 3359 1793 3433">
     <span class='ocr_line' id='line_1_54' title="bbox 235 3359 1793 3433; baseline -0.01 -9"><span class='ocrx_word' id='word_1_340' title='bbox 235 3368 402 3424; x_wconf 74' lang='grc' dir='ltr'>κατὰ</span> <span class='ocrx_word' id='word_1_341' title='bbox 427 3364 535 3417; x_wconf 82' lang='grc' dir='ltr'><strong>τῶν</strong></span> <span class='ocrx_word' id='word_1_342' title='bbox 553 3363 982 3433; x_wconf 65' lang='grc' dir='ltr'>καταφρονητιῖω.</span> <span class='ocrx_word' id='word_1_343' title='bbox 1009 3360 1135 3415; x_wconf 74' lang='grc' dir='ltr'>Εἶτα</span> <span class='ocrx_word' id='word_1_344' title='bbox 1169 3361 1362 3431; x_wconf 78' lang='grc' dir='ltr'>μεταξὺ</span> <span class='ocrx_word' id='word_1_345' title='bbox 1394 3359 1658 3429; x_wconf 79' lang='grc' dir='ltr'><strong>προσευχὴ</strong></span> <span class='ocrx_word' id='word_1_346' title='bbox 1686 3361 1793 3410; x_wconf 79' lang='grc' dir='ltr'>ἐστι</span> 
     </span>
    </p>
   </div>
   <div class='ocr_carea' id='block_1_55' title="bbox 232 3449 1796 3524">
    <p class='ocr_par' dir='ltr' id='par_1_55' title="bbox 232 3449 1796 3524">
     <span class='ocr_line' id='line_1_55' title="bbox 232 3449 1796 3524; baseline -0.009 -12"><span class='ocrx_word' id='word_1_347' title='bbox 232 3457 343 3512; x_wconf 82' lang='grc' dir='ltr'>τοῦ</span> <span class='ocrx_word' id='word_1_348' title='bbox 381 3454 660 3524; x_wconf 76' lang='grc' dir='ltr'><strong>προφήτου</strong></span> <span class='ocrx_word' id='word_1_349' title='bbox 695 3453 805 3521; x_wconf 87' lang='grc' dir='ltr'>μετ’</span> <span class='ocrx_word' id='word_1_350' title='bbox 840 3453 996 3522; x_wconf 75' lang='grc' dir='ltr'>ᾠδῆς.</span> <span class='ocrx_word' id='word_1_351' title='bbox 1026 3452 1131 3504; x_wconf 73' lang='grc' dir='ltr'>Καὶ</span> <span class='ocrx_word' id='word_1_352' title='bbox 1157 3451 1280 3520; x_wconf 84' lang='grc' dir='ltr'>τρία</span> <span class='ocrx_word' id='word_1_353' title='bbox 1306 3449 1639 3517; x_wconf 72' lang='grc' dir='ltr'>διαψὰλματά</span> <span class='ocrx_word' id='word_1_354' title='bbox 1655 3451 1796 3500; x_wconf 79' lang='grc' dir='ltr'>ἐστιν</span> 
     </span>
    </p>
   </div>
   <div class='ocr_carea' id='block_1_56' title="bbox 235 3538 1797 3615">
    <p class='ocr_par' dir='ltr' id='par_1_56' title="bbox 235 3538 1797 3615">
     <span class='ocr_line' id='line_1_56' title="bbox 235 3538 1797 3615; baseline -0.007 -16"><span class='ocrx_word' id='word_1_355' title='bbox 235 3554 304 3604; x_wconf 68' lang='grc' dir='ltr'><strong>ὲν</strong></span> <span class='ocrx_word' id='word_1_356' title='bbox 325 3548 404 3615; x_wconf 83' lang='grc' dir='ltr'>τῇ</span> <span class='ocrx_word' id='word_1_357' title='bbox 425 3542 685 3613; x_wconf 80' lang='grc' dir='ltr'><strong>λεγομένῃ</strong></span> <span class='ocrx_word' id='word_1_358' title='bbox 712 3540 816 3610; x_wconf 81' lang='grc' dir='ltr'><strong>ᾠδῇ</strong></span> <span class='ocrx_word' id='word_1_359' title='bbox 834 3541 1040 3610; x_wconf 81' lang='grc' dir='ltr'>ᾄδοντος</span> <span class='ocrx_word' id='word_1_360' title='bbox 1059 3539 1218 3591; x_wconf 76' lang='grc' dir='ltr'>αὐτοῦ</span> <span class='ocrx_word' id='word_1_361' title='bbox 1245 3540 1481 3609; x_wconf 75' lang='grc' dir='ltr'>περὶτῆς</span> <span class='ocrx_word' id='word_1_362' title='bbox 1510 3538 1797 3606; x_wconf 82' lang='grc' dir='ltr'>παρουσίας</span> 
     </span>
    </p>
   </div>
   <div class='ocr_carea' id='block_1_57' title="bbox 236 3629 1463 3702">
    <p class='ocr_par' dir='ltr' id='par_1_57' title="bbox 236 3629 1463 3702">
     <span class='ocr_line' id='line_1_57' title="bbox 236 3629 1463 3702; baseline -0.011 -9"><span class='ocrx_word' id='word_1_363' title='bbox 236 3637 348 3693; x_wconf 80' lang='grc' dir='ltr'>τοῦ</span> <span class='ocrx_word' id='word_1_364' title='bbox 379 3633 651 3702; x_wconf 78' lang='grc' dir='ltr'>Σωτῆρος,</span> <span class='ocrx_word' id='word_1_365' title='bbox 676 3632 884 3701; x_wconf 75' lang='grc' dir='ltr'>καὶτῆς</span> <span class='ocrx_word' id='word_1_366' title='bbox 903 3631 1039 3684; x_wconf 82' lang='grc' dir='ltr'>κατὰ</span> <span class='ocrx_word' id='word_1_367' title='bbox 1058 3631 1275 3684; x_wconf 83' lang='grc' dir='ltr'>θανάτου</span> <span class='ocrx_word' id='word_1_368' title='bbox 1296 3629 1463 3698; x_wconf 74' lang='grc' dir='ltr'>νίκης.</span> 
     </span>
    </p>
   </div>
   <div class='ocr_carea' id='block_1_58' title="bbox 553 3829 1526 3891">
    <p class='ocr_par' dir='ltr' id='par_1_58' title="bbox 553 3829 1526 3891">
     <span class='ocr_line' id='line_1_58' title="bbox 553 3829 1526 3891; baseline -0.001 -10"><span class='ocrx_word' id='word_1_369' title='bbox 553 3830 874 3883; x_wconf 81' lang='grc' dir='ltr'><strong>ΣΟΦΟΝΙΛΣ</strong></span> <span class='ocrx_word' id='word_1_370' title='bbox 915 3831 956 3882; x_wconf 91' lang='grc' dir='ltr'>Ο</span> <span class='ocrx_word' id='word_1_371' title='bbox 989 3830 1121 3886; x_wconf 81' lang='grc' dir='ltr'><strong>ΤυΥ</strong></span> <span class='ocrx_word' id='word_1_372' title='bbox 1158 3829 1418 3891; x_wconf 80' lang='grc' dir='ltr'><strong>ΧΟΥΣΕΙ,</strong></span> <span class='ocrx_word' id='word_1_373' title='bbox 1452 3829 1526 3881; x_wconf 78' lang='grc' dir='ltr'><strong>ϐ’.</strong></span> 
     </span>
    </p>
   </div>
   <div class='ocr_carea' id='block_1_59' title="bbox 327 3917 1803 3988">
    <p class='ocr_par' dir='ltr' id='par_1_59' title="bbox 327 3917 1803 3988">
     <span class='ocr_line' id='line_1_59' title="bbox 327 3917 1803 3988; baseline -0.004 -13"><span class='ocrx_word' id='word_1_374' title='bbox 327 3917 511 3983; x_wconf 76' lang='grc' dir='ltr'>οὗτος</span> <span class='ocrx_word' id='word_1_375' title='bbox 537 3920 628 3972; x_wconf 74' lang='grc' dir='ltr'><strong>καὶ</strong></span> <span class='ocrx_word' id='word_1_376' title='bbox 671 3920 930 3988; x_wconf 83' lang='grc' dir='ltr'>Ἱερεμίας</span> <span class='ocrx_word' id='word_1_377' title='bbox 963 3920 1342 3988; x_wconf 80' lang='grc' dir='ltr'>συνεχρόνησαν</span> <span class='ocrx_word' id='word_1_378' title='bbox 1374 3917 1632 3986; x_wconf 81' lang='grc' dir='ltr'>ἀλλήλοις.</span> <span class='ocrx_word' id='word_1_379' title='bbox 1674 3917 1803 3986; x_wconf 84' lang='grc' dir='ltr'><strong>’Δμ-</strong></span> 
     </span>
    </p>
   </div>
   <div class='ocr_carea' id='block_1_60' title="bbox 243 4008 1803 4084">
    <p class='ocr_par' dir='ltr' id='par_1_60' title="bbox 243 4008 1803 4084">
     <span class='ocr_line' id='line_1_60' title="bbox 243 4008 1803 4084; baseline -0.008 -15"><span class='ocrx_word' id='word_1_380' title='bbox 243 4017 491 4084; x_wconf 82' lang='grc' dir='ltr'>φότεροι</span> <span class='ocrx_word' id='word_1_381' title='bbox 513 4012 617 4080; x_wconf 85' lang='grc' dir='ltr'>γὰρ</span> <span class='ocrx_word' id='word_1_382' title='bbox 640 4011 728 4062; x_wconf 73' lang='grc' dir='ltr'>ἐπὶ</span> <span class='ocrx_word' id='word_1_383' title='bbox 753 4010 845 4064; x_wconf 77' lang='grc' dir='ltr'>τοῦ</span> <span class='ocrx_word' id='word_1_384' title='bbox 885 4010 1058 4062; x_wconf 88' lang='grc' dir='ltr'>Ἰωσία</span> <span class='ocrx_word' id='word_1_385' title='bbox 1085 4008 1340 4077; x_wconf 81' lang='grc' dir='ltr'>βασιλέως</span> <span class='ocrx_word' id='word_1_386' title='bbox 1379 4008 1539 4060; x_wconf 86' lang='grc' dir='ltr'>Ἰούδα</span> <span class='ocrx_word' id='word_1_387' title='bbox 1571 4009 1803 4078; x_wconf 76' lang='grc' dir='ltr'>ἐπροφή-</span> 
     </span>
    </p>
   </div>
   <div class='ocr_carea' id='block_1_61' title="bbox 240 4097 1805 4170">
    <p class='ocr_par' dir='ltr' id='par_1_61' title="bbox 240 4097 1805 4170">
     <span class='ocr_line' id='line_1_61' title="bbox 240 4097 1805 4170; baseline -0.009 -8"><span class='ocrx_word' id='word_1_388' title='bbox 240 4121 489 4162; x_wconf 79' lang='grc' dir='ltr'>τευσαν.</span> <span class='ocrx_word' id='word_1_389' title='bbox 537 4102 702 4167; x_wconf 81' lang='grc' dir='ltr'>Λόγος</span> <span class='ocrx_word' id='word_1_390' title='bbox 740 4100 795 4152; x_wconf 87' lang='grc' dir='ltr'><strong>δὲ</strong></span> <span class='ocrx_word' id='word_1_391' title='bbox 825 4101 1022 4170; x_wconf 86' lang='grc' dir='ltr'>Κυρίου</span> <span class='ocrx_word' id='word_1_392' title='bbox 1071 4099 1282 4167; x_wconf 73' lang='grc' dir='ltr'>ἐγένετο</span> <span class='ocrx_word' id='word_1_393' title='bbox 1327 4098 1457 4167; x_wconf 81' lang='grc' dir='ltr'>πρὸς</span> <span class='ocrx_word' id='word_1_394' title='bbox 1501 4097 1678 4160; x_wconf 81' lang='grc' dir='ltr'>αὐτὸν,</span> <span class='ocrx_word' id='word_1_395' title='bbox 1714 4097 1805 4150; x_wconf 75' lang='grc' dir='ltr'>καὶ</span> 
     </span>
    </p>
   </div>
   <div class='ocr_carea' id='block_1_62' title="bbox 245 4187 1806 4266">
    <p class='ocr_par' dir='ltr' id='par_1_62' title="bbox 245 4187 1806 4266">
     <span class='ocr_line' id='line_1_62' title="bbox 245 4187 1806 4266; baseline -0.008 -17"><span class='ocrx_word' id='word_1_396' title='bbox 245 4191 605 4266; x_wconf 78' lang='grc' dir='ltr'>προφητεύει</span> <span class='ocrx_word' id='word_1_397' title='bbox 636 4192 691 4242; x_wconf 85' lang='grc' dir='ltr'>ὲν</span> <span class='ocrx_word' id='word_1_398' title='bbox 717 4193 781 4259; x_wconf 85' lang='grc' dir='ltr'>τῇ</span> <span class='ocrx_word' id='word_1_399' title='bbox 809 4190 1172 4260; x_wconf 81' lang='grc' dir='ltr'>Ἰερουσαλὴμ,</span> <span class='ocrx_word' id='word_1_400' title='bbox 1201 4188 1292 4241; x_wconf 75' lang='grc' dir='ltr'><strong>καὶ</strong></span> <span class='ocrx_word' id='word_1_401' title='bbox 1321 4189 1475 4240; x_wconf 74' lang='grc' dir='ltr'>παντὶ</span> <span class='ocrx_word' id='word_1_402' title='bbox 1503 4187 1684 4256; x_wconf 74' lang='grc' dir='ltr'>Ἰούδᾳ·</span> <span class='ocrx_word' id='word_1_403' title='bbox 1718 4187 1806 4238; x_wconf 72' lang='grc' dir='ltr'><strong>καὶ</strong></span> 
     </span>
    </p>
   </div>
   <div class='ocr_carea' id='block_1_63' title="bbox 242 4277 1810 4354">
    <p class='ocr_par' dir='ltr' id='par_1_63' title="bbox 242 4277 1810 4354">
     <span class='ocr_line' id='line_1_63' title="bbox 242 4277 1810 4354; baseline -0.006 -17"><span class='ocrx_word' id='word_1_404' title='bbox 242 4280 530 4354; x_wconf 67' lang='grc' dir='ltr'>προλέγει</span> <span class='ocrx_word' id='word_1_405' title='bbox 557 4280 680 4348; x_wconf 69' lang='grc' dir='ltr'>περὶ</span> <span class='ocrx_word' id='word_1_406' title='bbox 710 4280 912 4348; x_wconf 80' lang='grc' dir='ltr'>ἡμέρας</span> <span class='ocrx_word' id='word_1_407' title='bbox 936 4279 1192 4350; x_wconf 75' lang='grc' dir='ltr'>ἐσομένης</span> <span class='ocrx_word' id='word_1_408' title='bbox 1216 4278 1469 4348; x_wconf 82' lang='grc' dir='ltr'>μεγάλης,</span> <span class='ocrx_word' id='word_1_409' title='bbox 1495 4277 1628 4329; x_wconf 80' lang='grc' dir='ltr'>ὥστε</span> <span class='ocrx_word' id='word_1_410' title='bbox 1654 4277 1810 4346; x_wconf 76' lang='grc' dir='ltr'>ἐξαρ-</span> 
     </span>
    </p>
   </div>
   <div class='ocr_carea' id='block_1_64' title="bbox 244 4365 1810 4444">
    <p class='ocr_par' dir='ltr' id='par_1_64' title="bbox 244 4365 1810 4444">
     <span class='ocr_line' id='line_1_64' title="bbox 244 4365 1810 4444; baseline -0.009 -16"><span class='ocrx_word' id='word_1_411' title='bbox 244 4377 436 4444; x_wconf 78' lang='grc' dir='ltr'>θῆναι</span> <span class='ocrx_word' id='word_1_412' title='bbox 463 4372 636 4424; x_wconf 87' lang='grc' dir='ltr'>πάντα</span> <span class='ocrx_word' id='word_1_413' title='bbox 663 4370 730 4421; x_wconf 79' lang='grc' dir='ltr'><strong>τὰ</strong></span> <span class='ocrx_word' id='word_1_414' title='bbox 759 4370 964 4432; x_wconf 83' lang='grc' dir='ltr'>εἴδωλα,</span> <span class='ocrx_word' id='word_1_415' title='bbox 995 4369 1088 4422; x_wconf 72' lang='grc' dir='ltr'><strong>καὶ</strong></span> <span class='ocrx_word' id='word_1_416' title='bbox 1115 4368 1180 4429; x_wconf 70' lang='grc' dir='ltr'>τὰ</span> <span class='ocrx_word' id='word_1_417' title='bbox 1207 4367 1359 4435; x_wconf 83' lang='grc' dir='ltr'>ἄλση,</span> <span class='ocrx_word' id='word_1_418' title='bbox 1389 4366 1481 4419; x_wconf 79' lang='grc' dir='ltr'><strong>καὶ</strong></span> <span class='ocrx_word' id='word_1_419' title='bbox 1505 4365 1665 4417; x_wconf 78' lang='grc' dir='ltr'>πολὺν</span> <span class='ocrx_word' id='word_1_420' title='bbox 1691 4365 1810 4435; x_wconf 76' lang='grc' dir='ltr'>θρῆο</span> 
     </span>
    </p>
   </div>
   <div class='ocr_carea' id='block_1_65' title="bbox 2102 2448 3160 2515">
    <p class='ocr_par' dir='ltr' id='par_1_65' title="bbox 2102 2448 3160 2515">
     <span class='ocr_line' id='line_1_65' title="bbox 2102 2448 3160 2515; baseline 0.005 -15"><span class='ocrx_word' id='word_1_421' title='bbox 2102 2448 2374 2515; x_wconf 77' lang='lat' dir='ltr'><strong>NAHUM,</strong></span> <span class='ocrx_word' id='word_1_422' title='bbox 2416 2449 2722 2505; x_wconf 71' lang='lat' dir='ltr'><strong>ELCESAZI</strong></span> <span class='ocrx_word' id='word_1_423' title='bbox 2760 2449 3012 2514; x_wconf 80' lang='lat' dir='ltr'><strong>FILIUS,</strong></span> <span class='ocrx_word' id='word_1_424' title='bbox 3051 2449 3160 2505; x_wconf 85' lang='lat' dir='ltr'><strong>vu.</strong></span> 
     </span>
    </p>
   </div>
   <div class='ocr_carea' id='block_1_66' title="bbox 1954 2537 3413 2610">
    <p class='ocr_par' dir='ltr' id='par_1_66' title="bbox 1954 2537 3413 2610">
     <span class='ocr_line' id='line_1_66' title="bbox 1954 2537 3413 2610; baseline 0.004 -21"><span class='ocrx_word' id='word_1_425' title='bbox 1954 2537 2390 2608; x_wconf 80' lang='lat' dir='ltr'><strong>Assumptionem</strong></span> <span class='ocrx_word' id='word_1_426' title='bbox 2421 2539 2486 2594; x_wconf 92' lang='lat' dir='ltr'><strong>de</strong></span> <span class='ocrx_word' id='word_1_427' title='bbox 2519 2541 2737 2595; x_wconf 91' lang='lat' dir='ltr'><strong>interitu</strong></span> <span class='ocrx_word' id='word_1_428' title='bbox 2767 2540 2970 2595; x_wconf 76' lang='lat' dir='ltr'><strong>Ninivae</strong></span> <span class='ocrx_word' id='word_1_429' title='bbox 3001 2541 3222 2595; x_wconf 85' lang='lat' dir='ltr'><strong>visionis</strong></span> <span class='ocrx_word' id='word_1_430' title='bbox 3251 2542 3413 2610; x_wconf 73' lang='lat' dir='ltr'><strong>hujus</strong></span> 
     </span>
    </p>
   </div>
   <div class='ocr_carea' id='block_1_67' title="bbox 1888 2627 3424 2701">
    <p class='ocr_par' dir='ltr' id='par_1_67' title="bbox 1888 2627 3424 2701">
     <span class='ocr_line' id='line_1_67' title="bbox 1888 2627 3424 2701; baseline 0.004 -23"><span class='ocrx_word' id='word_1_431' title='bbox 1888 2627 2024 2682; x_wconf 85' lang='lat' dir='ltr'><strong>liber</strong></span> <span class='ocrx_word' id='word_1_432' title='bbox 2043 2630 2435 2697; x_wconf 86' lang='lat' dir='ltr'><strong>complectitur.</strong></span> <span class='ocrx_word' id='word_1_433' title='bbox 2461 2630 2794 2685; x_wconf 81' lang='lat' dir='ltr'><strong>Vaticinatur</strong></span> <span class='ocrx_word' id='word_1_434' title='bbox 2810 2639 2864 2685; x_wconf 91' lang='lat' dir='ltr'><strong>et</strong></span> <span class='ocrx_word' id='word_1_435' title='bbox 2889 2631 3239 2686; x_wconf 87' lang='lat' dir='ltr'><strong>concionatur</strong></span> <span class='ocrx_word' id='word_1_436' title='bbox 3253 2634 3424 2701; x_wconf 61' lang='lat' dir='ltr'><strong>etiam</strong></span> 
     </span>
    </p>
   </div>
   <div class='ocr_carea' id='block_1_68' title="bbox 1890 2715 3416 2784">
    <p class='ocr_par' dir='ltr' id='par_1_68' title="bbox 1890 2715 3416 2784">
     <span class='ocr_line' id='line_1_68' title="bbox 1890 2715 3416 2784; baseline 0.003 -14"><span class='ocrx_word' id='word_1_437' title='bbox 1890 2716 1956 2770; x_wconf 85' lang='lat' dir='ltr'><strong>de</strong></span> <span class='ocrx_word' id='word_1_438' title='bbox 1989 2715 2144 2771; x_wconf 79' lang='lat' dir='ltr'><strong>festo.</strong></span> <span class='ocrx_word' id='word_1_439' title='bbox 2176 2715 2424 2774; x_wconf 60' lang='lat' dir='ltr'><strong>Prmdicit</strong></span> <span class='ocrx_word' id='word_1_440' title='bbox 2469 2728 2648 2774; x_wconf 89' lang='lat' dir='ltr'><strong>autem</strong></span> <span class='ocrx_word' id='word_1_441' title='bbox 2700 2721 2754 2774; x_wconf 86' lang='lat' dir='ltr'><strong>in</strong></span> <span class='ocrx_word' id='word_1_442' title='bbox 2796 2735 2858 2774; x_wconf 92' lang='lat' dir='ltr'><strong>ea</strong></span> <span class='ocrx_word' id='word_1_443' title='bbox 2901 2720 2966 2774; x_wconf 89' lang='lat' dir='ltr'><strong>de</strong></span> <span class='ocrx_word' id='word_1_444' title='bbox 3015 2718 3310 2784; x_wconf 87' lang='lat' dir='ltr'><strong>Salvatore,</strong></span> <span class='ocrx_word' id='word_1_445' title='bbox 3349 2721 3416 2774; x_wconf 86' lang='lat' dir='ltr'><strong>de</strong></span> 
     </span>
    </p>
   </div>
   <div class='ocr_carea' id='block_1_69' title="bbox 1892 2808 3416 2880">
    <p class='ocr_par' dir='ltr' id='par_1_69' title="bbox 1892 2808 3416 2880">
     <span class='ocr_line' id='line_1_69' title="bbox 1892 2808 3416 2880; baseline 0.005 -22"><span class='ocrx_word' id='word_1_446' title='bbox 1892 2808 2100 2861; x_wconf 76' lang='lat' dir='ltr'><strong>czetcris</strong></span> <span class='ocrx_word' id='word_1_447' title='bbox 2132 2809 2401 2875; x_wconf 89' lang='lat' dir='ltr'><strong>omnibus,</strong></span> <span class='ocrx_word' id='word_1_448' title='bbox 2428 2825 2547 2880; x_wconf 73' lang='lat' dir='ltr'><strong>qua:</strong></span> <span class='ocrx_word' id='word_1_449' title='bbox 2585 2811 2846 2866; x_wconf 83' lang='lat' dir='ltr'><strong>adversus</strong></span> <span class='ocrx_word' id='word_1_450' title='bbox 2873 2809 3120 2864; x_wconf 88' lang='lat' dir='ltr'><strong>Ninivam</strong></span> <span class='ocrx_word' id='word_1_451' title='bbox 3153 2817 3309 2874; x_wconf 87' lang='lat' dir='ltr'><strong>sunt,</strong></span> <span class='ocrx_word' id='word_1_452' title='bbox 3350 2811 3416 2866; x_wconf 89' lang='lat' dir='ltr'><strong>de</strong></span> 
     </span>
    </p>
   </div>
   <div class='ocr_carea' id='block_1_70' title="bbox 1893 2896 3008 2968">
    <p class='ocr_par' dir='ltr' id='par_1_70' title="bbox 1893 2896 3008 2968">
     <span class='ocr_line' id='line_1_70' title="bbox 1893 2896 3008 2968; baseline 0.004 -20"><span class='ocrx_word' id='word_1_453' title='bbox 1893 2896 2010 2964; x_wconf 83' lang='lat' dir='ltr'><strong>ejus</strong></span> <span class='ocrx_word' id='word_1_454' title='bbox 2043 2896 2146 2952; x_wconf 82' lang='lat' dir='ltr'><strong>[ine</strong></span> <span class='ocrx_word' id='word_1_455' title='bbox 2173 2898 2404 2968; x_wconf 89' lang='lat' dir='ltr'><strong>denique</strong></span> <span class='ocrx_word' id='word_1_456' title='bbox 2429 2908 2482 2954; x_wconf 89' lang='lat' dir='ltr'><strong>et</strong></span> <span class='ocrx_word' id='word_1_457' title='bbox 2509 2900 2724 2955; x_wconf 90' lang='lat' dir='ltr'><strong>lsraelis</strong></span> <span class='ocrx_word' id='word_1_458' title='bbox 2751 2901 3008 2955; x_wconf 89' lang='lat' dir='ltr'><strong>hostium.</strong></span> 
     </span>
    </p>
   </div>
   <div class='ocr_carea' id='block_1_71' title="bbox 2388 3009 2917 3076">
    <p class='ocr_par' dir='ltr' id='par_1_71' title="bbox 2388 3009 2917 3076">
     <span class='ocr_line' id='line_1_71' title="bbox 2388 3009 2917 3076; baseline 0.004 -14"><span class='ocrx_word' id='word_1_459' title='bbox 2388 3010 2705 3065; x_wconf 82' lang='lat' dir='ltr'><strong>ABBACUM</strong></span> <span class='ocrx_word' id='word_1_460' title='bbox 2726 3051 2742 3076; x_wconf 90' lang='lat'><strong>,</strong></span> <span class='ocrx_word' id='word_1_461' title='bbox 2783 3009 2917 3065; x_wconf 82' lang='lat' dir='ltr'><strong>Vill.</strong></span> 
     </span>
    </p>
   </div>
   <div class='ocr_carea' id='block_1_72' title="bbox 1967 3093 3421 3164">
    <p class='ocr_par' dir='ltr' id='par_1_72' title="bbox 1967 3093 3421 3164">
     <span class='ocr_line' id='line_1_72' title="bbox 1967 3093 3421 3164; baseline 0.001 -17"><span class='ocrx_word' id='word_1_462' title='bbox 1967 3093 2400 3164; x_wconf 79' lang='lat' dir='ltr'><strong>Assumptionem</strong></span> <span class='ocrx_word' id='word_1_463' title='bbox 2449 3109 2502 3152; x_wconf 91' lang='lat' dir='ltr'><strong>et</strong></span> <span class='ocrx_word' id='word_1_464' title='bbox 2547 3097 2634 3152; x_wconf 83' lang='lat' dir='ltr'><strong>hic</strong></span> <span class='ocrx_word' id='word_1_465' title='bbox 2691 3099 2919 3155; x_wconf 83' lang='lat' dir='ltr'><strong>intuitus</strong></span> <span class='ocrx_word' id='word_1_466' title='bbox 2951 3110 3052 3157; x_wconf 91' lang='lat' dir='ltr'><strong>est.</strong></span> <span class='ocrx_word' id='word_1_467' title='bbox 3089 3099 3421 3154; x_wconf 76' lang='lat' dir='ltr'><strong>Vaticinatur</strong></span> 
     </span>
    </p>
   </div>
   <div class='ocr_carea' id='block_1_73' title="bbox 1895 3185 3418 3259">
    <p class='ocr_par' dir='ltr' id='par_1_73' title="bbox 1895 3185 3418 3259">
     <span class='ocr_line' id='line_1_73' title="bbox 1895 3185 3418 3259; baseline 0.005 -26"><span class='ocrx_word' id='word_1_468' title='bbox 1895 3191 2071 3237; x_wconf 88' lang='lat' dir='ltr'><strong>autem</strong></span> <span class='ocrx_word' id='word_1_469' title='bbox 2103 3185 2238 3240; x_wconf 83' lang='lat' dir='ltr'><strong>fusis</strong></span> <span class='ocrx_word' id='word_1_470' title='bbox 2264 3187 2476 3255; x_wconf 90' lang='lat' dir='ltr'><strong>quidem</strong></span> <span class='ocrx_word' id='word_1_471' title='bbox 2515 3188 2762 3255; x_wconf 87' lang='lat' dir='ltr'><strong>precibus</strong></span> <span class='ocrx_word' id='word_1_472' title='bbox 2791 3188 3284 3259; x_wconf 63' lang='lat' dir='ltr'><strong>Hierosolymitana</strong></span> <span class='ocrx_word' id='word_1_473' title='bbox 3328 3203 3418 3244; x_wconf 91' lang='lat' dir='ltr'><strong>ur-</strong></span> 
     </span>
    </p>
   </div>
   <div class='ocr_carea' id='block_1_74' title="bbox 1898 3273 3420 3346">
    <p class='ocr_par' dir='ltr' id='par_1_74' title="bbox 1898 3273 3420 3346">
     <span class='ocr_line' id='line_1_74' title="bbox 1898 3273 3420 3346; baseline 0.002 -20"><span class='ocrx_word' id='word_1_474' title='bbox 1898 3273 1980 3328; x_wconf 89' lang='lat' dir='ltr'><strong>bis</strong></span> <span class='ocrx_word' id='word_1_475' title='bbox 2000 3274 2216 3327; x_wconf 85' lang='lat' dir='ltr'><strong>nomine</strong></span> <span class='ocrx_word' id='word_1_476' title='bbox 2243 3292 2258 3326; x_wconf 84' lang='lat'><strong>:</strong></span> <span class='ocrx_word' id='word_1_477' title='bbox 2288 3274 2382 3328; x_wconf 85' lang='lat' dir='ltr'><strong>sed</strong></span> <span class='ocrx_word' id='word_1_478' title='bbox 2409 3275 2474 3328; x_wconf 90' lang='lat' dir='ltr'><strong>de</strong></span> <span class='ocrx_word' id='word_1_479' title='bbox 2498 3273 2790 3330; x_wconf 86' lang='lat' dir='ltr'><strong>Salvatoris</strong></span> <span class='ocrx_word' id='word_1_480' title='bbox 2822 3277 3054 3332; x_wconf 89' lang='lat' dir='ltr'><strong>adventu</strong></span> <span class='ocrx_word' id='word_1_481' title='bbox 3090 3278 3420 3346; x_wconf 84' lang='lat' dir='ltr'><strong>pronuntiat.</strong></span> 
     </span>
    </p>
   </div>
   <div class='ocr_carea' id='block_1_75' title="bbox 1899 3361 3422 3434">
    <p class='ocr_par' dir='ltr' id='par_1_75' title="bbox 1899 3361 3422 3434">
     <span class='ocr_line' id='line_1_75' title="bbox 1899 3361 3422 3434; baseline 0.004 -20"><span class='ocrx_word' id='word_1_482' title='bbox 1899 3361 2037 3415; x_wconf 88' lang='lat' dir='ltr'><strong>Dicit</strong></span> <span class='ocrx_word' id='word_1_483' title='bbox 2065 3377 2192 3416; x_wconf 87' lang='lat' dir='ltr'><strong>vero</strong></span> <span class='ocrx_word' id='word_1_484' title='bbox 2216 3372 2268 3416; x_wconf 88' lang='lat' dir='ltr'><strong>et</strong></span> <span class='ocrx_word' id='word_1_485' title='bbox 2297 3379 2415 3433; x_wconf 76' lang='lat' dir='ltr'><strong>quae</strong></span> <span class='ocrx_word' id='word_1_486' title='bbox 2444 3366 2820 3434; x_wconf 89' lang='lat' dir='ltr'><strong>spernentibus</strong></span> <span class='ocrx_word' id='word_1_487' title='bbox 2835 3376 3090 3421; x_wconf 84' lang='lat' dir='ltr'><strong>eventura</strong></span> <span class='ocrx_word' id='word_1_488' title='bbox 3105 3375 3250 3422; x_wconf 91' lang='lat' dir='ltr'><strong>sunt.</strong></span> <span class='ocrx_word' id='word_1_489' title='bbox 3271 3367 3422 3420; x_wconf 85' lang='lat' dir='ltr'><strong>Post-</strong></span> 
     </span>
    </p>
   </div>
   <div class='ocr_carea' id='block_1_76' title="bbox 1900 3455 3426 3526">
    <p class='ocr_par' dir='ltr' id='par_1_76' title="bbox 1900 3455 3426 3526">
     <span class='ocr_line' id='line_1_76' title="bbox 1900 3455 3426 3526; baseline 0.003 -20"><span class='ocrx_word' id='word_1_490' title='bbox 1900 3467 1962 3506; x_wconf 84' lang='lat' dir='ltr'><strong>ea</strong></span> <span class='ocrx_word' id='word_1_491' title='bbox 2005 3463 2303 3522; x_wconf 87' lang='lat' dir='ltr'><strong>sequuntur</strong></span> <span class='ocrx_word' id='word_1_492' title='bbox 2346 3469 2532 3523; x_wconf 84' lang='lat' dir='ltr'><strong>preces</strong></span> <span class='ocrx_word' id='word_1_493' title='bbox 2587 3469 2708 3509; x_wconf 87' lang='lat' dir='ltr'><strong>eum</strong></span> <span class='ocrx_word' id='word_1_494' title='bbox 2737 3457 2971 3519; x_wconf 90' lang='lat' dir='ltr'><strong>cantico,</strong></span> <span class='ocrx_word' id='word_1_495' title='bbox 3002 3455 3056 3508; x_wconf 93' lang='lat' dir='ltr'><strong>in</strong></span> <span class='ocrx_word' id='word_1_496' title='bbox 3086 3471 3191 3526; x_wconf 91' lang='lat' dir='ltr'><strong>quo</strong></span> <span class='ocrx_word' id='word_1_497' title='bbox 3213 3457 3318 3508; x_wconf 84' lang='lat' dir='ltr'><strong>tria</strong></span> <span class='ocrx_word' id='word_1_498' title='bbox 3339 3469 3426 3511; x_wconf 82' lang='lat' dir='ltr'><strong>ro-</strong></span> 
     </span>
    </p>
   </div>
   <div class='ocr_carea' id='block_1_77' title="bbox 1902 3543 3422 3613">
    <p class='ocr_par' dir='ltr' id='par_1_77' title="bbox 1902 3543 3422 3613">
     <span class='ocr_line' id='line_1_77' title="bbox 1902 3543 3422 3613; baseline 0 -17"><span class='ocrx_word' id='word_1_499' title='bbox 1902 3544 2077 3610; x_wconf 87' lang='lat' dir='ltr'><strong>perias</strong></span> <span class='ocrx_word' id='word_1_500' title='bbox 2102 3543 2372 3612; x_wconf 69' lang='lat' dir='ltr'><strong>prophetae</strong></span> <span class='ocrx_word' id='word_1_501' title='bbox 2387 3544 2762 3613; x_wconf 88' lang='lat' dir='ltr'><strong>diapsalmata,</strong></span> <span class='ocrx_word' id='word_1_502' title='bbox 2789 3543 3084 3598; x_wconf 87' lang='lat' dir='ltr'><strong>Salvatoris</strong></span> <span class='ocrx_word' id='word_1_503' title='bbox 3113 3545 3422 3607; x_wconf 85' lang='lat' dir='ltr'><strong>adventum,</strong></span> 
     </span>
    </p>
   </div>
   <div class='ocr_carea' id='block_1_78' title="bbox 1901 3635 3424 3706">
    <p class='ocr_par' dir='ltr' id='par_1_78' title="bbox 1901 3635 3424 3706">
     <span class='ocr_line' id='line_1_78' title="bbox 1901 3635 3424 3706; baseline 0.001 -18"><span class='ocrx_word' id='word_1_504' title='bbox 1901 3642 1954 3688; x_wconf 91' lang='lat' dir='ltr'><strong>et</strong></span> <span class='ocrx_word' id='word_1_505' title='bbox 1981 3649 2139 3702; x_wconf 89' lang='lat' dir='ltr'><strong>quam</strong></span> <span class='ocrx_word' id='word_1_506' title='bbox 2185 3635 2250 3689; x_wconf 93' lang='lat' dir='ltr'><strong>de</strong></span> <span class='ocrx_word' id='word_1_507' title='bbox 2282 3645 2450 3689; x_wconf 84' lang='lat' dir='ltr'><strong>morte</strong></span> <span class='ocrx_word' id='word_1_508' title='bbox 2496 3637 2772 3690; x_wconf 87' lang='lat' dir='ltr'><strong>victoriam</strong></span> <span class='ocrx_word' id='word_1_509' title='bbox 2815 3635 3040 3706; x_wconf 90' lang='lat' dir='ltr'><strong>adeptus</strong></span> <span class='ocrx_word' id='word_1_510' title='bbox 3080 3644 3186 3699; x_wconf 89' lang='lat' dir='ltr'><strong>est,</strong></span> <span class='ocrx_word' id='word_1_511' title='bbox 3229 3638 3424 3690; x_wconf 86' lang='lat' dir='ltr'><strong>decan-</strong></span> 
     </span>
    </p>
   </div>
   <div class='ocr_carea' id='block_1_79' title="bbox 1905 3724 2084 3778">
    <p class='ocr_par' dir='ltr' id='par_1_79' title="bbox 1905 3724 2084 3778">
     <span class='ocr_line' id='line_1_79' title="bbox 1905 3724 2084 3778; baseline 0.006 -2"><span class='ocrx_word' id='word_1_512' title='bbox 1905 3724 2084 3778; x_wconf 90' lang='lat' dir='ltr'><strong>tantis.</strong></span> 
     </span>
    </p>
   </div>
   <div class='ocr_carea' id='block_1_80' title="bbox 2150 3832 3188 3897">
    <p class='ocr_par' dir='ltr' id='par_1_80' title="bbox 2150 3832 3188 3897">
     <span class='ocr_line' id='line_1_80' title="bbox 2150 3832 3188 3897; baseline -0.002 -7"><span class='ocrx_word' id='word_1_513' title='bbox 2150 3833 2526 3890; x_wconf 81' lang='lat' dir='ltr'><strong>SOPHONIAS</strong></span> <span class='ocrx_word' id='word_1_514' title='bbox 2563 3832 2766 3888; x_wconf 82' lang='lat' dir='ltr'><strong>CHUSl</strong></span> <span class='ocrx_word' id='word_1_515' title='bbox 2805 3833 3057 3897; x_wconf 85' lang='lat' dir='ltr'><strong>FILIUS,</strong></span> <span class='ocrx_word' id='word_1_516' title='bbox 3096 3832 3188 3888; x_wconf 84' lang='lat' dir='ltr'><strong>IX.</strong></span> 
     </span>
    </p>
   </div>
   <div class='ocr_carea' id='block_1_81' title="bbox 1976 3923 3425 3992">
    <p class='ocr_par' dir='ltr' id='par_1_81' title="bbox 1976 3923 3425 3992">
     <span class='ocr_line' id='line_1_81' title="bbox 1976 3923 3425 3992; baseline -0.001 -14"><span class='ocrx_word' id='word_1_517' title='bbox 1976 3927 2168 3980; x_wconf 86' lang='lat' dir='ltr'><strong>Iisdem</strong></span> <span class='ocrx_word' id='word_1_518' title='bbox 2224 3927 2325 3980; x_wconf 89' lang='lat' dir='ltr'><strong>iste</strong></span> <span class='ocrx_word' id='word_1_519' title='bbox 2358 3934 2413 3980; x_wconf 93' lang='lat' dir='ltr'><strong>et</strong></span> <span class='ocrx_word' id='word_1_520' title='bbox 2457 3923 2750 3979; x_wconf 84' lang='lat' dir='ltr'><strong>Hieremias</strong></span> <span class='ocrx_word' id='word_1_521' title='bbox 2779 3925 3029 3979; x_wconf 79' lang='lat' dir='ltr'><strong>vixerunt</strong></span> <span class='ocrx_word' id='word_1_522' title='bbox 3075 3923 3425 3992; x_wconf 83' lang='lat' dir='ltr'><strong>temporibus.</strong></span> 
     </span>
    </p>
   </div>
   <div class='ocr_carea' id='block_1_82' title="bbox 1906 4009 3433 4082">
    <p class='ocr_par' dir='ltr' id='par_1_82' title="bbox 1906 4009 3433 4082">
     <span class='ocr_line' id='line_1_82' title="bbox 1906 4009 3433 4082; baseline -0.003 -13"><span class='ocrx_word' id='word_1_523' title='bbox 1906 4015 2076 4070; x_wconf 82' lang='lat' dir='ltr'><strong>Ambo</strong></span> <span class='ocrx_word' id='word_1_524' title='bbox 2100 4016 2242 4070; x_wconf 91' lang='lat' dir='ltr'><strong>enim</strong></span> <span class='ocrx_word' id='word_1_525' title='bbox 2272 4015 2546 4068; x_wconf 87' lang='lat' dir='ltr'><strong>vaticinati</strong></span> <span class='ocrx_word' id='word_1_526' title='bbox 2580 4022 2725 4077; x_wconf 90' lang='lat' dir='ltr'><strong>sunt,</strong></span> <span class='ocrx_word' id='word_1_527' title='bbox 2756 4028 2878 4067; x_wconf 87' lang='lat' dir='ltr'><strong>cum</strong></span> <span class='ocrx_word' id='word_1_528' title='bbox 2908 4013 3059 4067; x_wconf 74' lang='lat' dir='ltr'><strong>Juda:</strong></span> <span class='ocrx_word' id='word_1_529' title='bbox 3085 4027 3305 4082; x_wconf 76' lang='lat' dir='ltr'><strong>regnum</strong></span> <span class='ocrx_word' id='word_1_530' title='bbox 3340 4009 3433 4064; x_wconf 82' lang='lat' dir='ltr'><strong>Jo-</strong></span> 
     </span>
    </p>
   </div>
   <div class='ocr_carea' id='block_1_83' title="bbox 1910 4099 3431 4160">
    <p class='ocr_par' dir='ltr' id='par_1_83' title="bbox 1910 4099 3431 4160">
     <span class='ocr_line' id='line_1_83' title="bbox 1910 4099 3431 4160; baseline -0.004 0"><span class='ocrx_word' id='word_1_531' title='bbox 1910 4106 2016 4160; x_wconf 90' lang='lat' dir='ltr'><strong>sias</strong></span> <span class='ocrx_word' id='word_1_532' title='bbox 2045 4113 2267 4159; x_wconf 90' lang='lat' dir='ltr'><strong>teneret.</strong></span> <span class='ocrx_word' id='word_1_533' title='bbox 2297 4102 2494 4158; x_wconf 83' lang='lat' dir='ltr'><strong>Factus</strong></span> <span class='ocrx_word' id='word_1_534' title='bbox 2540 4113 2622 4158; x_wconf 91' lang='lat' dir='ltr'><strong>est</strong></span> <span class='ocrx_word' id='word_1_535' title='bbox 2671 4111 2847 4158; x_wconf 89' lang='lat' dir='ltr'><strong>autem</strong></span> <span class='ocrx_word' id='word_1_536' title='bbox 2894 4117 3069 4158; x_wconf 90' lang='lat' dir='ltr'><strong>sermo</strong></span> <span class='ocrx_word' id='word_1_537' title='bbox 3113 4100 3324 4156; x_wconf 88' lang='lat' dir='ltr'><strong>Domini</strong></span> <span class='ocrx_word' id='word_1_538' title='bbox 3364 4099 3431 4154; x_wconf 86' lang='lat' dir='ltr'><strong>ad</strong></span> 
     </span>
    </p>
   </div>
   <div class='ocr_carea' id='block_1_84' title="bbox 1910 4192 3434 4264">
    <p class='ocr_par' dir='ltr' id='par_1_84' title="bbox 1910 4192 3434 4264">
     <span class='ocr_line' id='line_1_84' title="bbox 1910 4192 3434 4264; baseline -0.003 -15"><span class='ocrx_word' id='word_1_539' title='bbox 1910 4197 2120 4264; x_wconf 89' lang='lat' dir='ltr'><strong>ipsum,</strong></span> <span class='ocrx_word' id='word_1_540' title='bbox 2171 4210 2473 4264; x_wconf 89' lang='lat' dir='ltr'><strong>munusque</strong></span> <span class='ocrx_word' id='word_1_541' title='bbox 2519 4208 2675 4249; x_wconf 88' lang='lat' dir='ltr'><strong>suum</strong></span> <span class='ocrx_word' id='word_1_542' title='bbox 2717 4193 2773 4247; x_wconf 91' lang='lat' dir='ltr'><strong>in</strong></span> <span class='ocrx_word' id='word_1_543' title='bbox 2805 4192 3160 4256; x_wconf 80' lang='lat' dir='ltr'><strong>Hierusalem,</strong></span> <span class='ocrx_word' id='word_1_544' title='bbox 3216 4199 3434 4260; x_wconf 86' lang='lat' dir='ltr'><strong>totoque</strong></span> 
     </span>
    </p>
   </div>
   <div class='ocr_carea' id='block_1_85' title="bbox 1911 4280 3435 4350">
    <p class='ocr_par' dir='ltr' id='par_1_85' title="bbox 1911 4280 3435 4350">
     <span class='ocr_line' id='line_1_85' title="bbox 1911 4280 3435 4350; baseline -0.003 -13"><span class='ocrx_word' id='word_1_545' title='bbox 1911 4283 2045 4339; x_wconf 86' lang='lat' dir='ltr'><strong>Juda</strong></span> <span class='ocrx_word' id='word_1_546' title='bbox 2077 4285 2230 4339; x_wconf 88' lang='lat' dir='ltr'><strong>obiit.</strong></span> <span class='ocrx_word' id='word_1_547' title='bbox 2281 4283 2534 4338; x_wconf 60' lang='lat' dir='ltr'><strong>Praedixit</strong></span> <span class='ocrx_word' id='word_1_548' title='bbox 2575 4285 2736 4338; x_wconf 91' lang='lat' dir='ltr'><strong>etiam</strong></span> <span class='ocrx_word' id='word_1_549' title='bbox 2793 4282 2861 4338; x_wconf 89' lang='lat' dir='ltr'><strong>de</strong></span> <span class='ocrx_word' id='word_1_550' title='bbox 2907 4291 3137 4337; x_wconf 87' lang='lat' dir='ltr'><strong>venturo</strong></span> <span class='ocrx_word' id='word_1_551' title='bbox 3192 4281 3298 4345; x_wconf 91' lang='lat' dir='ltr'><strong>die,</strong></span> <span class='ocrx_word' id='word_1_552' title='bbox 3341 4280 3435 4350; x_wconf 92' lang='lat' dir='ltr'><strong>qui</strong></span> 
     </span>
    </p>
   </div>
   <div class='ocr_carea' id='block_1_86' title="bbox 1913 4371 3435 4444">
    <p class='ocr_par' dir='ltr' id='par_1_86' title="bbox 1913 4371 3435 4444">
     <span class='ocr_line' id='line_1_86' title="bbox 1913 4371 3435 4444; baseline -0.004 -16"><span class='ocrx_word' id='word_1_553' title='bbox 1913 4391 2138 4444; x_wconf 80' lang='lat' dir='ltr'><strong>magnus</strong></span> <span class='ocrx_word' id='word_1_554' title='bbox 2168 4375 2384 4439; x_wconf 90' lang='lat' dir='ltr'><strong>dicitur,</strong></span> <span class='ocrx_word' id='word_1_555' title='bbox 2408 4391 2517 4443; x_wconf 90' lang='lat' dir='ltr'><strong>quo</strong></span> <span class='ocrx_word' id='word_1_556' title='bbox 2545 4375 2684 4428; x_wconf 90' lang='lat' dir='ltr'><strong>idola</strong></span> <span class='ocrx_word' id='word_1_557' title='bbox 2707 4374 2886 4429; x_wconf 90' lang='lat' dir='ltr'><strong>omnia</strong></span> <span class='ocrx_word' id='word_1_558' title='bbox 2910 4373 3124 4441; x_wconf 89' lang='lat' dir='ltr'><strong>lucique</strong></span> <span class='ocrx_word' id='word_1_559' title='bbox 3152 4371 3435 4434; x_wconf 80' lang='lat' dir='ltr'><strong>tollentur;</strong></span> 
     </span>
    </p>
   </div>
   <div class='ocr_carea' id='block_1_87' title="bbox 240 4455 1802 4538">
    <p class='ocr_par' dir='ltr' id='par_1_87' title="bbox 240 4455 1802 4527">
     <span class='ocr_line' id='line_1_87' title="bbox 240 4455 1802 4527; baseline -0.01 -7"><span class='ocrx_word' id='word_1_560' title='bbox 240 4481 357 4520; x_wconf 80' lang='grc' dir='ltr'>νον</span> <span class='ocrx_word' id='word_1_561' title='bbox 413 4462 510 4514; x_wconf 73' lang='grc' dir='ltr'>καὶ</span> <span class='ocrx_word' id='word_1_562' title='bbox 537 4458 758 4513; x_wconf 82' lang='grc' dir='ltr'>κοπετὸν</span> <span class='ocrx_word' id='word_1_563' title='bbox 790 4458 1080 4526; x_wconf 84' lang='grc' dir='ltr'>γίγνεσθαι.</span> <span class='ocrx_word' id='word_1_564' title='bbox 1115 4455 1444 4527; x_wconf 85' lang='grc' dir='ltr'>Προφητεύει</span> <span class='ocrx_word' id='word_1_565' title='bbox 1480 4455 1536 4506; x_wconf 79' lang='grc' dir='ltr'><strong>δὲ</strong></span> <span class='ocrx_word' id='word_1_566' title='bbox 1568 4456 1658 4507; x_wconf 72' lang='grc' dir='ltr'>καὶ</span> <span class='ocrx_word' id='word_1_567' title='bbox 1686 4457 1802 4523; x_wconf 76' lang='grc' dir='ltr'>περὶ</span> 
     </span>
    </p>
   </div>
   <div class='ocr_carea' id='block_1_88' title="bbox 1901 4455 3440 4538">
    <p class='ocr_par' dir='ltr' id='par_1_88' title="bbox 1916 4459 3440 4520">
     <span class='ocr_line' id='line_1_88' title="bbox 1916 4459 3440 4520; baseline -0.002 -2"><span class='ocrx_word' id='word_1_568' title='bbox 1916 4466 2055 4519; x_wconf 93' lang='lat' dir='ltr'><strong>unde</strong></span> <span class='ocrx_word' id='word_1_569' title='bbox 2089 4467 2262 4520; x_wconf 89' lang='lat' dir='ltr'><strong>luctus</strong></span> <span class='ocrx_word' id='word_1_570' title='bbox 2290 4474 2342 4520; x_wconf 90' lang='lat' dir='ltr'><strong>et</strong></span> <span class='ocrx_word' id='word_1_571' title='bbox 2371 4466 2635 4519; x_wconf 88' lang='lat' dir='ltr'><strong>clamores</strong></span> <span class='ocrx_word' id='word_1_572' title='bbox 2666 4464 2817 4517; x_wconf 88' lang='lat' dir='ltr'><strong>multi</strong></span> <span class='ocrx_word' id='word_1_573' title='bbox 2866 4462 3054 4517; x_wconf 80' lang='lat' dir='ltr'><strong>futuri.</strong></span> <span class='ocrx_word' id='word_1_574' title='bbox 3104 4459 3440 4516; x_wconf 76' lang='lat' dir='ltr'><strong>Vaticinatur</strong></span> 
     </span>
    </p>
   </div>
   <div class='ocr_carea' id='block_1_89' title="bbox 239 4545 1808 4619">
    <p class='ocr_par' dir='ltr' id='par_1_89' title="bbox 239 4545 1808 4619">
     <span class='ocr_line' id='line_1_89' title="bbox 239 4545 1808 4619; baseline -0.008 -10"><span class='ocrx_word' id='word_1_575' title='bbox 239 4554 364 4609; x_wconf 76' lang='grc' dir='ltr'>τοῦ</span> <span class='ocrx_word' id='word_1_576' title='bbox 391 4550 663 4619; x_wconf 85' lang='grc' dir='ltr'>Σωτῆρος,</span> <span class='ocrx_word' id='word_1_577' title='bbox 699 4549 789 4600; x_wconf 78' lang='grc' dir='ltr'><strong>καὶ</strong></span> <span class='ocrx_word' id='word_1_578' title='bbox 817 4548 912 4617; x_wconf 84' lang='grc' dir='ltr'><strong>τῆς</strong></span> <span class='ocrx_word' id='word_1_579' title='bbox 935 4548 1285 4609; x_wconf 84' lang='grc' dir='ltr'>ἀναστάσεως,</span> <span class='ocrx_word' id='word_1_580' title='bbox 1315 4548 1376 4615; x_wconf 76' lang='grc' dir='ltr'><strong>ἢν</strong></span> <span class='ocrx_word' id='word_1_581' title='bbox 1399 4545 1462 4596; x_wconf 76' lang='grc' dir='ltr'>δι’</span> <span class='ocrx_word' id='word_1_582' title='bbox 1495 4546 1635 4614; x_wconf 84' lang='grc' dir='ltr'>ἡμᾶς</span> <span class='ocrx_word' id='word_1_583' title='bbox 1657 4547 1808 4596; x_wconf 83' lang='grc' dir='ltr'>ποιεῖ.</span> 
     </span>
    </p>
   </div>
   <div class='ocr_carea' id='block_1_90' title="bbox 245 4634 1816 4705">
    <p class='ocr_par' dir='ltr' id='par_1_90' title="bbox 245 4634 1816 4705">
     <span class='ocr_line' id='line_1_90' title="bbox 245 4634 1816 4705; baseline -0.01 -5"><span class='ocrx_word' id='word_1_584' title='bbox 245 4644 389 4700; x_wconf 80' lang='grc' dir='ltr'>Καὶ</span> <span class='ocrx_word' id='word_1_585' title='bbox 432 4639 577 4694; x_wconf 83' lang='grc' dir='ltr'>κατὰ</span> <span class='ocrx_word' id='word_1_586' title='bbox 597 4638 769 4705; x_wconf 77' lang='grc' dir='ltr'>Γάζης</span> <span class='ocrx_word' id='word_1_587' title='bbox 796 4638 886 4689; x_wconf 71' lang='grc' dir='ltr'>καὶ</span> <span class='ocrx_word' id='word_1_588' title='bbox 919 4636 1262 4698; x_wconf 77' lang='grc' dir='ltr'>Ἀσκάλωνος,</span> <span class='ocrx_word' id='word_1_589' title='bbox 1308 4637 1398 4687; x_wconf 69' lang='grc' dir='ltr'>καὶ</span> <span class='ocrx_word' id='word_1_590' title='bbox 1428 4634 1673 4699; x_wconf 78' lang='grc' dir='ltr'><strong>Ἀζώτου,</strong></span> <span class='ocrx_word' id='word_1_591' title='bbox 1725 4635 1816 4688; x_wconf 66' lang='grc' dir='ltr'><strong>καὶ</strong></span> 
     </span>
    </p>
   </div>
   <div class='ocr_carea' id='block_1_91' title="bbox 245 4724 1816 4804">
    <p class='ocr_par' dir='ltr' id='par_1_91' title="bbox 245 4724 1816 4804">
     <span class='ocr_line' id='line_1_91' title="bbox 245 4724 1816 4804; baseline -0.01 -15"><span class='ocrx_word' id='word_1_592' title='bbox 245 4737 376 4804; x_wconf 86' lang='grc' dir='ltr'><strong>τῆς</strong></span> <span class='ocrx_word' id='word_1_593' title='bbox 425 4730 725 4798; x_wconf 84' lang='grc' dir='ltr'>Ἀκκάρων,</span> <span class='ocrx_word' id='word_1_594' title='bbox 759 4727 849 4779; x_wconf 75' lang='grc' dir='ltr'><strong>καὶ</strong></span> <span class='ocrx_word' id='word_1_595' title='bbox 886 4725 1022 4779; x_wconf 82' lang='grc' dir='ltr'>κατὰ</span> <span class='ocrx_word' id='word_1_596' title='bbox 1067 4725 1256 4787; x_wconf 76' lang='grc' dir='ltr'>Μωὰδ,</span> <span class='ocrx_word' id='word_1_597' title='bbox 1303 4726 1392 4775; x_wconf 77' lang='grc' dir='ltr'>καὶ</span> <span class='ocrx_word' id='word_1_598' title='bbox 1443 4724 1679 4794; x_wconf 75' lang='grc' dir='ltr'>Ἀμμὼν,</span> <span class='ocrx_word' id='word_1_599' title='bbox 1725 4725 1816 4776; x_wconf 70' lang='grc' dir='ltr'>καὶ</span> 
     </span>
    </p>
   </div>
   <div class='ocr_carea' id='block_1_92' title="bbox 248 4815 1818 4887">
    <p class='ocr_par' dir='ltr' id='par_1_92' title="bbox 248 4815 1818 4887">
     <span class='ocr_line' id='line_1_92' title="bbox 248 4815 1818 4887; baseline -0.006 -13"><span class='ocrx_word' id='word_1_600' title='bbox 248 4821 427 4878; x_wconf 80' lang='grc' dir='ltr'>κατὰ</span> <span class='ocrx_word' id='word_1_601' title='bbox 458 4815 765 4887; x_wconf 80' lang='grc' dir='ltr'>Δαμασκοῦ,</span> <span class='ocrx_word' id='word_1_602' title='bbox 800 4818 892 4868; x_wconf 72' lang='grc' dir='ltr'><strong>καὶ</strong></span> <span class='ocrx_word' id='word_1_603' title='bbox 923 4815 1060 4867; x_wconf 81' lang='grc' dir='ltr'>κατὰ</span> <span class='ocrx_word' id='word_1_604' title='bbox 1087 4816 1301 4883; x_wconf 80' lang='grc' dir='ltr'>Νινευῆ,</span> <span class='ocrx_word' id='word_1_605' title='bbox 1326 4816 1415 4866; x_wconf 74' lang='grc' dir='ltr'><strong>καὶ</strong></span> <span class='ocrx_word' id='word_1_606' title='bbox 1448 4815 1585 4867; x_wconf 83' lang='grc' dir='ltr'>κατὰ</span> <span class='ocrx_word' id='word_1_607' title='bbox 1605 4816 1708 4867; x_wconf 85' lang='grc' dir='ltr'>τῶν</span> <span class='ocrx_word' id='word_1_608' title='bbox 1729 4815 1818 4866; x_wconf 82' lang='grc' dir='ltr'><strong>Λί-</strong></span> 
     </span>
    </p>
   </div>
   <div class='ocr_carea' id='block_1_93' title="bbox 249 4916 510 4969">
    <p class='ocr_par' dir='ltr' id='par_1_93' title="bbox 249 4916 510 4969">
     <span class='ocr_line' id='line_1_93' title="bbox 249 4916 510 4969; baseline -0.019 0"><span class='ocrx_word' id='word_1_609' title='bbox 249 4916 510 4969; x_wconf 83' lang='grc' dir='ltr'>Θιόπων.</span> 
     </span>
    </p>
   </div>
   <div class='ocr_carea' id='block_1_94' title="bbox 864 5019 1253 5078">
    <p class='ocr_par' dir='ltr' id='par_1_94' title="bbox 864 5019 1253 5078">
     <span class='ocr_line' id='line_1_94' title="bbox 864 5019 1253 5078; baseline -0.005 -8"><span class='ocrx_word' id='word_1_610' title='bbox 864 5019 1160 5078; x_wconf 75' lang='grc' dir='ltr'><strong>ΑΓΓΑΙΟΣ,</strong></span> <span class='ocrx_word' id='word_1_611' title='bbox 1200 5019 1253 5069; x_wconf 89' lang='lat' dir='ltr'><strong>I&#39;.</strong></span> 
     </span>
    </p>
   </div>
   <div class='ocr_carea' id='block_1_95' title="bbox 343 5106 1818 5181">
    <p class='ocr_par' dir='ltr' id='par_1_95' title="bbox 343 5106 1818 5181">
     <span class='ocr_line' id='line_1_95' title="bbox 343 5106 1818 5181; baseline -0.007 -13"><span class='ocrx_word' id='word_1_612' title='bbox 343 5107 527 5174; x_wconf 76' lang='grc' dir='ltr'>οὗτος</span> <span class='ocrx_word' id='word_1_613' title='bbox 563 5111 694 5181; x_wconf 84' lang='grc' dir='ltr'>μετὰ</span> <span class='ocrx_word' id='word_1_614' title='bbox 723 5110 818 5180; x_wconf 80' lang='grc' dir='ltr'>τὴν</span> <span class='ocrx_word' id='word_1_615' title='bbox 844 5108 1208 5179; x_wconf 83' lang='grc' dir='ltr'>αἰχμαλωσίαν</span> <span class='ocrx_word' id='word_1_616' title='bbox 1235 5109 1291 5158; x_wconf 76' lang='grc' dir='ltr'>ἐν</span> <span class='ocrx_word' id='word_1_617' title='bbox 1319 5109 1381 5174; x_wconf 79' lang='grc' dir='ltr'>τῇ</span> <span class='ocrx_word' id='word_1_618' title='bbox 1412 5106 1644 5176; x_wconf 82' lang='grc' dir='ltr'>ὲπανόδῳ</span> <span class='ocrx_word' id='word_1_619' title='bbox 1671 5111 1725 5160; x_wconf 80' lang='grc' dir='ltr'><strong>ὲν</strong></span> <span class='ocrx_word' id='word_1_620' title='bbox 1756 5111 1818 5176; x_wconf 82' lang='grc' dir='ltr'>τῇ</span> 
     </span>
    </p>
   </div>
   <div class='ocr_carea' id='block_1_96' title="bbox 262 5195 1820 5275">
    <p class='ocr_par' dir='ltr' id='par_1_96' title="bbox 262 5195 1820 5275">
     <span class='ocr_line' id='line_1_96' title="bbox 262 5195 1820 5275; baseline -0.008 -16"><span class='ocrx_word' id='word_1_621' title='bbox 262 5201 670 5275; x_wconf 80' lang='grc' dir='ltr'>Ἰερουσαλὴμ,</span> <span class='ocrx_word' id='word_1_622' title='bbox 696 5201 785 5254; x_wconf 75' lang='grc' dir='ltr'>ἐπὶ</span> <span class='ocrx_word' id='word_1_623' title='bbox 802 5199 1021 5272; x_wconf 89' lang='grc' dir='ltr'>Δαρείου</span> <span class='ocrx_word' id='word_1_624' title='bbox 1043 5197 1295 5265; x_wconf 87' lang='grc' dir='ltr'>βασιλέως</span> <span class='ocrx_word' id='word_1_625' title='bbox 1316 5196 1550 5264; x_wconf 85' lang='grc' dir='ltr'>Περσῶν,</span> <span class='ocrx_word' id='word_1_626' title='bbox 1581 5195 1820 5268; x_wconf 82' lang='grc' dir='ltr'>δευτέρου</span> 
     </span>
    </p>
   </div>
   <div class='ocr_carea' id='block_1_97' title="bbox 250 5287 1822 5360">
    <p class='ocr_par' dir='ltr' id='par_1_97' title="bbox 250 5287 1822 5360">
     <span class='ocr_line' id='line_1_97' title="bbox 250 5287 1822 5360; baseline -0.008 -10"><span class='ocrx_word' id='word_1_627' title='bbox 250 5299 446 5357; x_wconf 67' lang='grc' dir='ltr'>ἔτους</span> <span class='ocrx_word' id='word_1_628' title='bbox 484 5293 667 5352; x_wconf 76' lang='grc' dir='ltr'>αὐτοῦ,</span> <span class='ocrx_word' id='word_1_629' title='bbox 711 5291 783 5360; x_wconf 78' lang='grc' dir='ltr'>τῷ</span> <span class='ocrx_word' id='word_1_630' title='bbox 818 5291 955 5358; x_wconf 78' lang='grc' dir='ltr'>ἕκτῳ</span> <span class='ocrx_word' id='word_1_631' title='bbox 989 5287 1114 5357; x_wconf 74' lang='grc' dir='ltr'>μηνὶ</span> <span class='ocrx_word' id='word_1_632' title='bbox 1151 5287 1382 5354; x_wconf 88' lang='grc' dir='ltr'>γέγονεν.</span> <span class='ocrx_word' id='word_1_633' title='bbox 1420 5287 1581 5352; x_wconf 85' lang='grc' dir='ltr'>Λόγος</span> <span class='ocrx_word' id='word_1_634' title='bbox 1624 5289 1822 5358; x_wconf 85' lang='grc' dir='ltr'>Κυρίου</span> 
     </span>
    </p>
   </div>
   <div class='ocr_carea' id='block_1_98' title="bbox 250 5377 1823 5454">
    <p class='ocr_par' dir='ltr' id='par_1_98' title="bbox 250 5377 1823 5454">
     <span class='ocr_line' id='line_1_98' title="bbox 250 5377 1823 5454; baseline -0.011 -17"><span class='ocrx_word' id='word_1_635' title='bbox 250 5384 507 5454; x_wconf 69' lang='grc' dir='ltr'>ἐγένετο</span> <span class='ocrx_word' id='word_1_636' title='bbox 537 5385 592 5434; x_wconf 86' lang='grc' dir='ltr'><strong>ὲν</strong></span> <span class='ocrx_word' id='word_1_637' title='bbox 620 5383 759 5452; x_wconf 71' lang='grc' dir='ltr'>χειρὶ</span> <span class='ocrx_word' id='word_1_638' title='bbox 785 5381 962 5442; x_wconf 75' lang='grc' dir='ltr'>αὑτοῦ,</span> <span class='ocrx_word' id='word_1_639' title='bbox 1001 5379 1090 5430; x_wconf 72' lang='grc' dir='ltr'><strong>καὶ</strong></span> <span class='ocrx_word' id='word_1_640' title='bbox 1130 5377 1446 5445; x_wconf 77' lang='grc' dir='ltr'>προφητεύει</span> <span class='ocrx_word' id='word_1_641' title='bbox 1488 5377 1560 5446; x_wconf 82' lang='grc' dir='ltr'>τῷ</span> <span class='ocrx_word' id='word_1_642' title='bbox 1593 5379 1823 5449; x_wconf 68' lang='grc' dir='ltr'><strong>Ζοροϐά-</strong></span> 
     </span>
    </p>
   </div>
   <div class='ocr_carea' id='block_1_99' title="bbox 251 5463 1825 5540">
    <p class='ocr_par' dir='ltr' id='par_1_99' title="bbox 251 5463 1825 5540">
     <span class='ocr_line' id='line_1_99' title="bbox 251 5463 1825 5540; baseline -0.006 -11"><span class='ocrx_word' id='word_1_643' title='bbox 251 5478 408 5538; x_wconf 77' lang='grc' dir='ltr'>ϐελ,</span> <span class='ocrx_word' id='word_1_644' title='bbox 453 5474 546 5526; x_wconf 78' lang='grc' dir='ltr'>καὶ</span> <span class='ocrx_word' id='word_1_645' title='bbox 585 5471 661 5540; x_wconf 81' lang='grc' dir='ltr'>τῷ</span> <span class='ocrx_word' id='word_1_646' title='bbox 717 5470 884 5538; x_wconf 80' lang='grc' dir='ltr'><strong>Ἰησοῦ</strong></span> <span class='ocrx_word' id='word_1_647' title='bbox 927 5468 1002 5537; x_wconf 80' lang='grc' dir='ltr'>τῷ</span> <span class='ocrx_word' id='word_1_648' title='bbox 1040 5463 1132 5518; x_wconf 78' lang='grc' dir='ltr'><strong>τοῦ</strong></span> <span class='ocrx_word' id='word_1_649' title='bbox 1184 5465 1440 5527; x_wconf 85' lang='grc' dir='ltr'>Ἰωσεδὲκ,</span> <span class='ocrx_word' id='word_1_650' title='bbox 1482 5468 1567 5518; x_wconf 81' lang='grc' dir='ltr'><strong>καὶ</strong></span> <span class='ocrx_word' id='word_1_651' title='bbox 1610 5470 1686 5538; x_wconf 80' lang='grc' dir='ltr'>τῷ</span> <span class='ocrx_word' id='word_1_652' title='bbox 1715 5469 1825 5538; x_wconf 76' lang='grc' dir='ltr'>λαῷ</span> 
     </span>
    </p>
   </div>
   <div class='ocr_carea' id='block_1_100' title="bbox 357 5627 1824 5722">
    <p class='ocr_par' dir='ltr' id='par_1_100' title="bbox 357 5627 1824 5722">
     <span class='ocr_line' id='line_1_100' title="bbox 357 5627 1824 5722; baseline -0.003 -20"><span class='ocrx_word' id='word_1_653' title='bbox 357 5650 446 5722; x_wconf 82' lang='grc'><strong>(1)</strong></span> <span class='ocrx_word' id='word_1_654' title='bbox 490 5646 742 5722; x_wconf 69' lang='lat' dir='ltr'><strong>Sequitur</strong></span> <span class='ocrx_word' id='word_1_655' title='bbox 791 5644 1062 5722; x_wconf 60' lang='lat' dir='ltr'><strong>Eusebius</strong></span> <span class='ocrx_word' id='word_1_656' title='bbox 1114 5627 1616 5722; x_wconf 53' lang='grc' dir='ltr'><strong>ξῐιιεειΊιξςξιξιῑίςιιιιξιιι⁸</strong></span> <span class='ocrx_word' id='word_1_657' title='bbox 1649 5643 1824 5710; x_wconf 70' lang='lat' dir='ltr'><strong>LXX;</strong></span> 
     </span>
    </p>
   </div>
   <div class='ocr_carea' id='block_1_101' title="bbox 255 5709 1826 5781">
    <p class='ocr_par' dir='ltr' id='par_1_101' title="bbox 255 5709 1826 5781">
     <span class='ocr_line' id='line_1_101' title="bbox 255 5709 1826 5781; baseline 0.014 -20"><span class='ocrx_word' id='word_1_658' title='bbox 255 5709 507 5780; x_wconf 65' lang='lat' dir='ltr'><strong>ﬁebraei</strong></span> <span class='ocrx_word' id='word_1_659' title='bbox 535 5709 658 5769; x_wconf 76' lang='lat' dir='ltr'><strong>vero</strong></span> <span class='ocrx_word' id='word_1_660' title='bbox 681 5712 1020 5781; x_wconf 79' lang='lat' dir='ltr'><strong>quadraginta</strong></span> <span class='ocrx_word' id='word_1_661' title='bbox 1048 5709 1266 5768; x_wconf 63' lang='lat' dir='ltr'><strong>habent.</strong></span> <span class='ocrx_word' id='word_1_662' title='bbox 1294 5711 1492 5766; x_wconf 71' lang='lat' dir='ltr'><strong>Videsis</strong></span> <span class='ocrx_word' id='word_1_663' title='bbox 1516 5711 1566 5765; x_wconf 85' lang='lat' dir='ltr'><strong>S.</strong></span> <span class='ocrx_word' id='word_1_664' title='bbox 1586 5709 1826 5778; x_wconf 62' lang='grc' dir='ltr'><strong>Αυειιειὲ</strong></span> 
     </span>
    </p>
   </div>
   <div class='ocr_carea' id='block_1_102' title="bbox 1914 4553 3438 4625">
    <p class='ocr_par' dir='ltr' id='par_1_102' title="bbox 1914 4553 3438 4625">
     <span class='ocr_line' id='line_1_102' title="bbox 1914 4553 3438 4625; baseline -0.004 -17"><span class='ocrx_word' id='word_1_665' title='bbox 1914 4572 2039 4610; x_wconf 87' lang='lat' dir='ltr'><strong>vero</strong></span> <span class='ocrx_word' id='word_1_666' title='bbox 2090 4559 2249 4610; x_wconf 90' lang='lat' dir='ltr'><strong>etiam</strong></span> <span class='ocrx_word' id='word_1_667' title='bbox 2277 4556 2342 4610; x_wconf 90' lang='lat' dir='ltr'><strong>de</strong></span> <span class='ocrx_word' id='word_1_668' title='bbox 2375 4557 2489 4625; x_wconf 93' lang='lat' dir='ltr'><strong>ipso</strong></span> <span class='ocrx_word' id='word_1_669' title='bbox 2519 4553 2818 4618; x_wconf 80' lang='lat' dir='ltr'><strong>Salvatore,</strong></span> <span class='ocrx_word' id='word_1_670' title='bbox 2852 4553 3023 4622; x_wconf 90' lang='lat' dir='ltr'><strong>deque</strong></span> <span class='ocrx_word' id='word_1_671' title='bbox 3050 4553 3168 4621; x_wconf 81' lang='lat' dir='ltr'><strong>ejus</strong></span> <span class='ocrx_word' id='word_1_672' title='bbox 3195 4554 3245 4604; x_wconf 91' lang='lat' dir='ltr'><strong>in</strong></span> <span class='ocrx_word' id='word_1_673' title='bbox 3279 4553 3438 4604; x_wconf 83' lang='lat' dir='ltr'><strong>vitam</strong></span> 
     </span>
    </p>
   </div>
   <div class='ocr_carea' id='block_1_103' title="bbox 1915 4641 3442 4715">
    <p class='ocr_par' dir='ltr' id='par_1_103' title="bbox 1915 4641 3442 4715">
     <span class='ocr_line' id='line_1_103' title="bbox 1915 4641 3442 4715; baseline -0.007 -15"><span class='ocrx_word' id='word_1_674' title='bbox 1915 4647 2110 4708; x_wconf 91' lang='lat' dir='ltr'><strong>reditu,</strong></span> <span class='ocrx_word' id='word_1_675' title='bbox 2145 4647 2240 4715; x_wconf 89' lang='lat' dir='ltr'><strong>qui</strong></span> <span class='ocrx_word' id='word_1_676' title='bbox 2275 4647 2343 4699; x_wconf 90' lang='lat' dir='ltr'><strong>ab</strong></span> <span class='ocrx_word' id='word_1_677' title='bbox 2371 4660 2435 4698; x_wconf 89' lang='lat' dir='ltr'><strong>eo</strong></span> <span class='ocrx_word' id='word_1_678' title='bbox 2463 4647 2631 4700; x_wconf 90' lang='lat' dir='ltr'><strong>nostri</strong></span> <span class='ocrx_word' id='word_1_679' title='bbox 2678 4659 2842 4698; x_wconf 90' lang='lat' dir='ltr'><strong>causa</strong></span> <span class='ocrx_word' id='word_1_680' title='bbox 2874 4643 3046 4697; x_wconf 81' lang='lat' dir='ltr'><strong>lactus</strong></span> <span class='ocrx_word' id='word_1_681' title='bbox 3085 4650 3186 4695; x_wconf 91' lang='lat' dir='ltr'><strong>est.</strong></span> <span class='ocrx_word' id='word_1_682' title='bbox 3221 4641 3357 4692; x_wconf 91' lang='lat' dir='ltr'><strong>Sunt</strong></span> <span class='ocrx_word' id='word_1_683' title='bbox 3388 4647 3442 4692; x_wconf 86' lang='lat' dir='ltr'><strong>et</strong></span> 
     </span>
    </p>
   </div>
   <div class='ocr_carea' id='block_1_104' title="bbox 1913 4733 3436 4805">
    <p class='ocr_par' dir='ltr' id='par_1_104' title="bbox 1913 4733 3436 4805">
     <span class='ocr_line' id='line_1_104' title="bbox 1913 4733 3436 4805; baseline -0.006 -15"><span class='ocrx_word' id='word_1_684' title='bbox 1913 4738 2030 4805; x_wconf 85' lang='lat' dir='ltr'><strong>ejus</strong></span> <span class='ocrx_word' id='word_1_685' title='bbox 2058 4737 2308 4790; x_wconf 86' lang='lat' dir='ltr'><strong>vaticinia</strong></span> <span class='ocrx_word' id='word_1_686' title='bbox 2338 4738 2393 4789; x_wconf 90' lang='lat' dir='ltr'><strong>in</strong></span> <span class='ocrx_word' id='word_1_687' title='bbox 2421 4736 2639 4797; x_wconf 85' lang='lat' dir='ltr'><strong>Gazam,</strong></span> <span class='ocrx_word' id='word_1_688' title='bbox 2666 4736 2718 4786; x_wconf 91' lang='lat' dir='ltr'><strong>in</strong></span> <span class='ocrx_word' id='word_1_689' title='bbox 2744 4734 3082 4792; x_wconf 87' lang='lat' dir='ltr'><strong>Ascalonem,</strong></span> <span class='ocrx_word' id='word_1_690' title='bbox 3112 4733 3165 4784; x_wconf 94' lang='lat' dir='ltr'><strong>in</strong></span> <span class='ocrx_word' id='word_1_691' title='bbox 3192 4733 3436 4792; x_wconf 80' lang='lat' dir='ltr'><strong>Azotum,</strong></span> 
     </span>
    </p>
   </div>
   <div class='ocr_carea' id='block_1_105' title="bbox 1914 4821 3441 4890">
    <p class='ocr_par' dir='ltr' id='par_1_105' title="bbox 1914 4821 3441 4890">
     <span class='ocr_line' id='line_1_105' title="bbox 1914 4821 3441 4890; baseline -0.006 -9"><span class='ocrx_word' id='word_1_692' title='bbox 1914 4828 1966 4881; x_wconf 93' lang='lat' dir='ltr'><strong>in</strong></span> <span class='ocrx_word' id='word_1_693' title='bbox 2003 4827 2266 4888; x_wconf 88' lang='lat' dir='ltr'><strong>Accaron,</strong></span> <span class='ocrx_word' id='word_1_694' title='bbox 2300 4826 2352 4878; x_wconf 90' lang='lat' dir='ltr'><strong>in</strong></span> <span class='ocrx_word' id='word_1_695' title='bbox 2388 4825 2562 4890; x_wconf 82' lang='lat' dir='ltr'><strong>Moab,</strong></span> <span class='ocrx_word' id='word_1_696' title='bbox 2592 4824 2646 4877; x_wconf 88' lang='lat' dir='ltr'><strong>in</strong></span> <span class='ocrx_word' id='word_1_697' title='bbox 2674 4825 2920 4887; x_wconf 84' lang='lat' dir='ltr'><strong>Ammon,</strong></span> <span class='ocrx_word' id='word_1_698' title='bbox 2946 4823 3000 4876; x_wconf 92' lang='lat' dir='ltr'><strong>in</strong></span> <span class='ocrx_word' id='word_1_699' title='bbox 3024 4823 3362 4885; x_wconf 89' lang='lat' dir='ltr'><strong>Damascum,</strong></span> <span class='ocrx_word' id='word_1_700' title='bbox 3389 4821 3441 4872; x_wconf 86' lang='lat' dir='ltr'><strong>in</strong></span> 
     </span>
    </p>
   </div>
   <div class='ocr_carea' id='block_1_106' title="bbox 1918 4909 2602 4978">
    <p class='ocr_par' dir='ltr' id='par_1_106' title="bbox 1918 4909 2602 4978">
     <span class='ocr_line' id='line_1_106' title="bbox 1918 4909 2602 4978; baseline -0.006 -12"><span class='ocrx_word' id='word_1_701' title='bbox 1918 4913 2185 4975; x_wconf 87' lang='lat' dir='ltr'><strong>Ninivam,</strong></span> <span class='ocrx_word' id='word_1_702' title='bbox 2217 4913 2271 4965; x_wconf 92' lang='lat' dir='ltr'><strong>in</strong></span> <span class='ocrx_word' id='word_1_703' title='bbox 2303 4909 2602 4978; x_wconf 63' lang='lat' dir='ltr'><strong>Ethiopas.</strong></span> 
     </span>
    </p>
   </div>
   <div class='ocr_carea' id='block_1_107' title="bbox 2471 5017 2896 5082">
    <p class='ocr_par' dir='ltr' id='par_1_107' title="bbox 2471 5017 2896 5082">
     <span class='ocr_line' id='line_1_107' title="bbox 2471 5017 2896 5082; baseline 0.002 -12"><span class='ocrx_word' id='word_1_704' title='bbox 2471 5017 2766 5072; x_wconf 71' lang='lat' dir='ltr'><strong>AGGASUS</strong></span> <span class='ocrx_word' id='word_1_705' title='bbox 2782 5057 2797 5082; x_wconf 87' lang='lat'><strong>,</strong></span> <span class='ocrx_word' id='word_1_706' title='bbox 2831 5017 2896 5071; x_wconf 81' lang='grc' dir='ltr'>Χ.</span> 
     </span>
    </p>
   </div>
   <div class='ocr_carea' id='block_1_108' title="bbox 1990 5104 3446 5177">
    <p class='ocr_par' dir='ltr' id='par_1_108' title="bbox 1990 5104 3446 5177">
     <span class='ocr_line' id='line_1_108' title="bbox 1990 5104 3446 5177; baseline -0.002 -17"><span class='ocrx_word' id='word_1_707' title='bbox 1990 5107 2114 5161; x_wconf 88' lang='lat' dir='ltr'><strong>Fuit</strong></span> <span class='ocrx_word' id='word_1_708' title='bbox 2145 5108 2244 5162; x_wconf 88' lang='lat' dir='ltr'><strong>iste</strong></span> <span class='ocrx_word' id='word_1_709' title='bbox 2275 5117 2394 5177; x_wconf 90' lang='lat' dir='ltr'><strong>post</strong></span> <span class='ocrx_word' id='word_1_710' title='bbox 2424 5109 2810 5176; x_wconf 81' lang='lat' dir='ltr'><strong>captivitatem,</strong></span> <span class='ocrx_word' id='word_1_711' title='bbox 2843 5122 2963 5160; x_wconf 90' lang='lat' dir='ltr'><strong>cum</strong></span> <span class='ocrx_word' id='word_1_712' title='bbox 2997 5106 3222 5175; x_wconf 85' lang='lat' dir='ltr'><strong>populus</strong></span> <span class='ocrx_word' id='word_1_713' title='bbox 3253 5104 3446 5159; x_wconf 80' lang='lat' dir='ltr'><strong>llieru-</strong></span> 
     </span>
    </p>
   </div>
   <div class='ocr_carea' id='block_1_109' title="bbox 1926 5195 3449 5264">
    <p class='ocr_par' dir='ltr' id='par_1_109' title="bbox 1926 5195 3449 5264">
     <span class='ocr_line' id='line_1_109' title="bbox 1926 5195 3449 5264; baseline -0.003 -12"><span class='ocrx_word' id='word_1_714' title='bbox 1926 5199 2090 5252; x_wconf 87' lang='lat' dir='ltr'><strong>salem</strong></span> <span class='ocrx_word' id='word_1_715' title='bbox 2119 5198 2389 5260; x_wconf 86' lang='lat' dir='ltr'><strong>rediisset,</strong></span> <span class='ocrx_word' id='word_1_716' title='bbox 2424 5196 2566 5248; x_wconf 86' lang='lat' dir='ltr'><strong>Darii</strong></span> <span class='ocrx_word' id='word_1_717' title='bbox 2621 5197 2764 5264; x_wconf 83' lang='lat' dir='ltr'><strong>regis</strong></span> <span class='ocrx_word' id='word_1_718' title='bbox 2811 5211 2951 5249; x_wconf 90' lang='lat' dir='ltr'><strong>anno</strong></span> <span class='ocrx_word' id='word_1_719' title='bbox 2980 5195 3234 5254; x_wconf 87' lang='lat' dir='ltr'><strong>secundo.</strong></span> <span class='ocrx_word' id='word_1_720' title='bbox 3265 5210 3449 5249; x_wconf 88' lang='lat' dir='ltr'><strong>mense</strong></span> 
     </span>
    </p>
   </div>
   <div class='ocr_carea' id='block_1_110' title="bbox 1924 5283 3449 5341">
    <p class='ocr_par' dir='ltr' id='par_1_110' title="bbox 1924 5283 3449 5341">
     <span class='ocr_line' id='line_1_110' title="bbox 1924 5283 3449 5341; baseline -0.004 1"><span class='ocrx_word' id='word_1_721' title='bbox 1924 5295 2092 5341; x_wconf 84' lang='lat' dir='ltr'><strong>sexto.</strong></span> <span class='ocrx_word' id='word_1_722' title='bbox 2135 5285 2328 5340; x_wconf 83' lang='lat' dir='ltr'><strong>Factus</strong></span> <span class='ocrx_word' id='word_1_723' title='bbox 2365 5297 2446 5340; x_wconf 85' lang='lat' dir='ltr'><strong>est</strong></span> <span class='ocrx_word' id='word_1_724' title='bbox 2475 5293 2649 5338; x_wconf 91' lang='lat' dir='ltr'><strong>autem</strong></span> <span class='ocrx_word' id='word_1_725' title='bbox 2691 5299 2869 5338; x_wconf 89' lang='lat' dir='ltr'><strong>sermo</strong></span> <span class='ocrx_word' id='word_1_726' title='bbox 2911 5283 3117 5336; x_wconf 90' lang='lat' dir='ltr'><strong>Domini</strong></span> <span class='ocrx_word' id='word_1_727' title='bbox 3175 5284 3228 5336; x_wconf 92' lang='lat' dir='ltr'><strong>in</strong></span> <span class='ocrx_word' id='word_1_728' title='bbox 3286 5299 3449 5337; x_wconf 87' lang='lat' dir='ltr'><strong>manu</strong></span> 
     </span>
    </p>
   </div>
   <div class='ocr_carea' id='block_1_111' title="bbox 1925 5373 3472 5444">
    <p class='ocr_par' dir='ltr' id='par_1_111' title="bbox 1925 5373 3472 5444">
     <span class='ocr_line' id='line_1_111' title="bbox 1925 5373 3472 5444; baseline -0.001 -14"><span class='ocrx_word' id='word_1_729' title='bbox 1925 5378 2116 5444; x_wconf 91' lang='lat' dir='ltr'><strong>ipsius,</strong></span> <span class='ocrx_word' id='word_1_730' title='bbox 2144 5377 2574 5442; x_wconf 88' lang='lat' dir='ltr'><strong>vaticinatusque</strong></span> <span class='ocrx_word' id='word_1_731' title='bbox 2613 5383 2696 5430; x_wconf 91' lang='lat' dir='ltr'><strong>est</strong></span> <span class='ocrx_word' id='word_1_732' title='bbox 2727 5375 3062 5436; x_wconf 86' lang='lat' dir='ltr'><strong>Zorobabeli,</strong></span> <span class='ocrx_word' id='word_1_733' title='bbox 3101 5383 3158 5429; x_wconf 91' lang='lat' dir='ltr'><strong>et</strong></span> <span class='ocrx_word' id='word_1_734' title='bbox 3201 5373 3326 5429; x_wconf 76' lang='lat' dir='ltr'><strong>Jesu</strong></span> <span class='ocrx_word' id='word_1_735' title='bbox 3357 5373 3472 5429; x_wconf 70' lang='lat' dir='ltr'><strong>Jo-i</strong></span> 
     </span>
    </p>
   </div>
   <div class='ocr_carea' id='block_1_112' title="bbox 1927 5447 3472 5535">
    <p class='ocr_par' dir='ltr' id='par_1_112' title="bbox 1927 5447 3472 5535">
     <span class='ocr_line' id='line_1_112' title="bbox 1927 5447 3472 5535; baseline -0.004 -15"><span class='ocrx_word' id='word_1_736' title='bbox 1927 5466 2101 5520; x_wconf 87' lang='lat' dir='ltr'><strong>sedeci</strong></span> <span class='ocrx_word' id='word_1_737' title='bbox 2161 5465 2289 5529; x_wconf 85' lang='lat' dir='ltr'><strong>lilio,</strong></span> <span class='ocrx_word' id='word_1_738' title='bbox 2340 5465 2640 5535; x_wconf 87' lang='lat' dir='ltr'><strong>populoque</strong></span> <span class='ocrx_word' id='word_1_739' title='bbox 2687 5463 2786 5531; x_wconf 87' lang='lat' dir='ltr'><strong>ipsi</strong></span> <span class='ocrx_word' id='word_1_740' title='bbox 2839 5464 2905 5516; x_wconf 90' lang='lat' dir='ltr'><strong>de</strong></span> <span class='ocrx_word' id='word_1_741' title='bbox 2960 5447 3472 5533; x_wconf 53' lang='lat' dir='ltr'><strong>liierosolymoruml&#39;</strong></span> 
     </span>
    </p>
   </div>
   <div class='ocr_carea' id='block_1_113' title="bbox 1927 5636 3504 5703">
    <p class='ocr_par' dir='ltr' id='par_1_113' title="bbox 1927 5636 3504 5703">
     <span class='ocr_line' id='line_1_113' title="bbox 1927 5636 3504 5703; baseline -0.007 -5"><span class='ocrx_word' id='word_1_742' title='bbox 1927 5643 2001 5698; x_wconf 81' lang='lat' dir='ltr'><strong>De</strong></span> <span class='ocrx_word' id='word_1_743' title='bbox 2041 5644 2242 5696; x_wconf 74' lang='lat' dir='ltr'><strong>civitate</strong></span> <span class='ocrx_word' id='word_1_744' title='bbox 2273 5638 2383 5693; x_wconf 86' lang='lat' dir='ltr'><strong>Dei.</strong></span> <span class='ocrx_word' id='word_1_745' title='bbox 2413 5638 2505 5692; x_wconf 92' lang='lat' dir='ltr'><strong>lib.</strong></span> <span class='ocrx_word' id='word_1_746' title='bbox 2536 5650 2689 5700; x_wconf 78' lang='lat' dir='ltr'><strong>xvm,</strong></span> <span class='ocrx_word' id='word_1_747' title='bbox 2717 5651 2746 5690; x_wconf 91' lang='lat' dir='ltr'><strong>c</strong></span> <span class='ocrx_word' id='word_1_748' title='bbox 2799 5636 2884 5690; x_wconf 67' lang='grc' dir='ltr'>Η.</span> <span class='ocrx_word' id='word_1_749' title='bbox 3195 5702 3204 5703; x_wconf 17' lang='lat'><em>7</em></span> <span class='ocrx_word' id='word_1_750' title='bbox 3502 5701 3504 5703; x_wconf 6' lang='grc' dir='ltr'><strong>γ</strong></span> 
     </span>
    </p>
   </div>
   <div class='ocr_carea' id='block_1_114' title="bbox 1999 5702 3414 5777">
    <p class='ocr_par' dir='ltr' id='par_1_114' title="bbox 1999 5702 3414 5777">
     <span class='ocr_line' id='line_1_114' title="bbox 1999 5702 3414 5777; baseline -0.011 -9"><span class='ocrx_word' id='word_1_751' title='bbox 1999 5713 2072 5777; x_wconf 70' lang='grc'><strong>(2)</strong></span> <span class='ocrx_word' id='word_1_752' title='bbox 2112 5711 2249 5766; x_wconf 83' lang='lat' dir='ltr'><strong>Edit.</strong></span> <span class='ocrx_word' id='word_1_753' title='bbox 2275 5707 2498 5763; x_wconf 80' lang='lat' dir='ltr'><strong>Curterii</strong></span> <span class='ocrx_word' id='word_1_754' title='bbox 2523 5706 2756 5772; x_wconf 68' lang='grc' dir='ltr'>γεμῶνος</span> <span class='ocrx_word' id='word_1_755' title='bbox 2784 5707 2958 5762; x_wconf 85' lang='lat' dir='ltr'><strong>habet.</strong></span> <span class='ocrx_word' id='word_1_756' title='bbox 2999 5703 3149 5765; x_wconf 71' lang='lat' dir='ltr'><strong>Enn,</strong></span> <span class='ocrx_word' id='word_1_757' title='bbox 3181 5702 3414 5760; x_wconf 65' lang='lat' dir='ltr'><strong>Pii-raw...</strong></span> 
     </span>
    </p>
   </div>
  </div>
