  <div class='ocr_page' id='page_1' title='image "/cluster/home/n/w/nwhite01/storage/ocr_20150623/22 (Eusebius; pt. 4)/nyp.33433081862355/692.png"; bbox 0 0 3952 6374; ppageno 0'>
   <div class='ocr_carea' id='block_1_1' title="bbox 176 392 313 447">
    <p class='ocr_par' dir='ltr' id='par_1_1' title="bbox 176 392 313 447">
     <span class='ocr_line' id='line_1_1' title="bbox 176 392 313 447; baseline 0 0"><span class='ocrx_word' id='word_1_1' title='bbox 176 392 313 447; x_wconf 73' lang='lat'><strong>1269</strong></span> 
     </span>
    </p>
   </div>
   <div class='ocr_carea' id='block_1_2' title="bbox 1335 377 2191 448">
    <p class='ocr_par' dir='ltr' id='par_1_2' title="bbox 1335 377 2191 448">
     <span class='ocr_line' id='line_1_2' title="bbox 1335 377 2191 448; baseline 0.004 -5"><span class='ocrx_word' id='word_1_2' title='bbox 1335 389 1428 445; x_wconf 77' lang='lat' dir='ltr'><strong>ut:</strong></span> <span class='ocrx_word' id='word_1_3' title='bbox 1462 391 1634 446; x_wconf 84' lang='lat' dir='ltr'><strong>vms</strong></span> <span class='ocrx_word' id='word_1_4' title='bbox 1669 377 2191 448; x_wconf 66' lang='lat' dir='ltr'><strong>mordentium.</strong></span> 
     </span>
    </p>
   </div>
   <div class='ocr_carea' id='block_1_3' title="bbox 3191 394 3319 447">
    <p class='ocr_par' dir='ltr' id='par_1_3' title="bbox 3191 394 3319 447">
     <span class='ocr_line' id='line_1_3' title="bbox 3191 394 3319 447; baseline -0.008 0"><span class='ocrx_word' id='word_1_5' title='bbox 3191 394 3319 447; x_wconf 67' lang='lat'><strong>£270</strong></span> 
     </span>
    </p>
   </div>
   <div class='ocr_carea' id='block_1_4' title="bbox 174 508 1746 583">
    <p class='ocr_par' dir='ltr' id='par_1_4' title="bbox 174 508 1746 579">
     <span class='ocr_line' id='line_1_4' title="bbox 174 508 1746 579; baseline -0.001 -18"><span class='ocrx_word' id='word_1_6' title='bbox 174 508 370 569; x_wconf 86' lang='grc' dir='ltr'>δαίοις,</span> <span class='ocrx_word' id='word_1_7' title='bbox 405 509 518 570; x_wconf 80' lang='grc' dir='ltr'><strong>τοίς</strong></span> <span class='ocrx_word' id='word_1_8' title='bbox 563 509 896 562; x_wconf 76' lang='grc' dir='ltr'><strong>κατοικοῦσιν</strong></span> <span class='ocrx_word' id='word_1_9' title='bbox 922 510 978 561; x_wconf 80' lang='grc' dir='ltr'><strong>έν</strong></span> <span class='ocrx_word' id='word_1_10' title='bbox 1014 512 1082 579; x_wconf 74' lang='grc' dir='ltr'><strong>γῇ</strong></span> <span class='ocrx_word' id='word_1_11' title='bbox 1130 508 1421 577; x_wconf 78' lang='grc' dir='ltr'>Αἰγύπτου·</span> <span class='ocrx_word' id='word_1_12' title='bbox 1455 510 1545 562; x_wconf 76' lang='grc' dir='ltr'>καὶ</span> <span class='ocrx_word' id='word_1_13' title='bbox 1594 512 1701 571; x_wconf 86' lang='grc' dir='ltr'>τοῖς</span> <span class='ocrx_word' id='word_1_14' title='bbox 1730 518 1746 570; x_wconf 65' lang='grc' dir='ltr'><em>Α</em></span> 
     </span>
    </p>
   </div>
   <div class='ocr_carea' id='block_1_5' title="bbox 1849 508 3317 583">
    <p class='ocr_par' dir='ltr' id='par_1_5' title="bbox 1849 509 3317 583">
     <span class='ocr_line' id='line_1_5' title="bbox 1849 509 3317 583; baseline 0.001 -21"><span class='ocrx_word' id='word_1_15' title='bbox 1849 510 2071 579; x_wconf 85' lang='lat' dir='ltr'><strong>apbnas,</strong></span> <span class='ocrx_word' id='word_1_16' title='bbox 2119 513 2315 582; x_wconf 85' lang='lat' dir='ltr'><strong>quique</strong></span> <span class='ocrx_word' id='word_1_17' title='bbox 2374 509 2633 567; x_wconf 83' lang='lat' dir='ltr'><strong>Patoures</strong></span> <span class='ocrx_word' id='word_1_18' title='bbox 2674 512 2941 583; x_wconf 75' lang='lat' dir='ltr'><strong>regionem</strong></span> <span class='ocrx_word' id='word_1_19' title='bbox 2986 512 3317 571; x_wconf 81' lang='lat' dir='ltr'><strong>incolebant;</strong></span> 
     </span>
    </p>
   </div>
   <div class='ocr_carea' id='block_1_6' title="bbox 181 596 1746 670">
    <p class='ocr_par' dir='ltr' id='par_1_6' title="bbox 181 596 1707 670">
     <span class='ocr_line' id='line_1_6' title="bbox 181 596 1707 670; baseline 0.002 -21"><span class='ocrx_word' id='word_1_20' title='bbox 181 596 506 665; x_wconf 66' lang='grc' dir='ltr'>καθημένοις</span> <span class='ocrx_word' id='word_1_21' title='bbox 538 598 594 648; x_wconf 85' lang='grc' dir='ltr'>ὲν</span> <span class='ocrx_word' id='word_1_22' title='bbox 625 597 890 667; x_wconf 87' lang='grc' dir='ltr'>Μαγδάλῳ</span> <span class='ocrx_word' id='word_1_23' title='bbox 926 598 1018 651; x_wconf 73' lang='grc' dir='ltr'>καὶ</span> <span class='ocrx_word' id='word_1_24' title='bbox 1048 598 1135 650; x_wconf 74' lang='grc' dir='ltr'>ἐπὶ</span> <span class='ocrx_word' id='word_1_25' title='bbox 1161 596 1373 666; x_wconf 76' lang='grc' dir='ltr'>Ταφνᾶς</span> <span class='ocrx_word' id='word_1_26' title='bbox 1391 637 1405 660; x_wconf 94' lang='grc'><strong>,</strong></span> <span class='ocrx_word' id='word_1_27' title='bbox 1433 597 1521 650; x_wconf 78' lang='grc' dir='ltr'><strong>καὶ</strong></span> <span class='ocrx_word' id='word_1_28' title='bbox 1552 599 1607 670; x_wconf 79' lang='grc' dir='ltr'>ὲν</span> <span class='ocrx_word' id='word_1_29' title='bbox 1639 599 1707 667; x_wconf 70' lang='grc' dir='ltr'><strong>τῇ</strong></span> 
     </span>
    </p>
   </div>
   <div class='ocr_carea' id='block_1_7' title="bbox 1849 596 3317 670">
    <p class='ocr_par' dir='ltr' id='par_1_7' title="bbox 1851 601 3317 670">
     <span class='ocr_line' id='line_1_7' title="bbox 1851 601 3317 670; baseline 0.001 -19"><span class='ocrx_word' id='word_1_30' title='bbox 1851 602 2014 653; x_wconf 86' lang='lat' dir='ltr'><strong>aruch</strong></span> <span class='ocrx_word' id='word_1_31' title='bbox 2036 601 2282 670; x_wconf 80' lang='lat' dir='ltr'><strong>denique,</strong></span> <span class='ocrx_word' id='word_1_32' title='bbox 2313 616 2433 654; x_wconf 91' lang='lat' dir='ltr'><strong>cum</strong></span> <span class='ocrx_word' id='word_1_33' title='bbox 2458 601 2558 655; x_wconf 90' lang='lat' dir='ltr'><strong>ista</strong></span> <span class='ocrx_word' id='word_1_34' title='bbox 2587 601 2653 655; x_wconf 91' lang='lat' dir='ltr'><strong>ab</strong></span> <span class='ocrx_word' id='word_1_35' title='bbox 2677 616 2767 656; x_wconf 91' lang='lat' dir='ltr'><strong>ore</strong></span> <span class='ocrx_word' id='word_1_36' title='bbox 2786 601 3061 657; x_wconf 68' lang='lat' dir='ltr'><strong>Hieremiae</strong></span> <span class='ocrx_word' id='word_1_37' title='bbox 3080 609 3317 670; x_wconf 79' lang='lat' dir='ltr'><strong>excepta,</strong></span> 
     </span>
    </p>
   </div>
   <div class='ocr_carea' id='block_1_8' title="bbox 179 685 1746 759">
    <p class='ocr_par' dir='ltr' id='par_1_8' title="bbox 179 685 1711 758">
     <span class='ocr_line' id='line_1_8' title="bbox 179 685 1711 758; baseline 0 -19"><span class='ocrx_word' id='word_1_38' title='bbox 179 685 482 756; x_wconf 83' lang='grc' dir='ltr'>Παθουρῆς.</span> <span class='ocrx_word' id='word_1_39' title='bbox 513 686 654 756; x_wconf 87' lang='grc' dir='ltr'>Πρός</span> <span class='ocrx_word' id='word_1_40' title='bbox 694 703 753 739; x_wconf 89' lang='grc' dir='ltr'><strong>τε</strong></span> <span class='ocrx_word' id='word_1_41' title='bbox 793 686 881 739; x_wconf 82' lang='grc' dir='ltr'>τὸν</span> <span class='ocrx_word' id='word_1_42' title='bbox 936 688 1159 758; x_wconf 83' lang='grc' dir='ltr'>Βαροὺχ,</span> <span class='ocrx_word' id='word_1_43' title='bbox 1215 688 1301 740; x_wconf 87' lang='grc' dir='ltr'>ὅτε</span> <span class='ocrx_word' id='word_1_44' title='bbox 1345 687 1544 758; x_wconf 71' lang='grc' dir='ltr'>ἔγραψε</span> <span class='ocrx_word' id='word_1_45' title='bbox 1592 687 1711 748; x_wconf 80' lang='grc' dir='ltr'>τοὺς</span> 
     </span>
    </p>
   </div>
   <div class='ocr_carea' id='block_1_9' title="bbox 1849 685 3325 759">
    <p class='ocr_par' dir='ltr' id='par_1_9' title="bbox 1849 687 3325 759">
     <span class='ocr_line' id='line_1_9' title="bbox 1849 687 3325 759; baseline 0.002 -19"><span class='ocrx_word' id='word_1_46' title='bbox 1849 703 1864 740; x_wconf 84' lang='grc' dir='ltr'><strong>ι</strong></span> <span class='ocrx_word' id='word_1_47' title='bbox 1899 689 2035 743; x_wconf 91' lang='lat' dir='ltr'><strong>libro</strong></span> <span class='ocrx_word' id='word_1_48' title='bbox 2066 689 2409 743; x_wconf 78' lang='lat' dir='ltr'><strong>describeret.</strong></span> <span class='ocrx_word' id='word_1_49' title='bbox 2443 687 2635 743; x_wconf 90' lang='lat' dir='ltr'><strong>Narrat</strong></span> <span class='ocrx_word' id='word_1_50' title='bbox 2667 705 2827 759; x_wconf 92' lang='lat' dir='ltr'><strong>porro</strong></span> <span class='ocrx_word' id='word_1_51' title='bbox 2877 692 2976 746; x_wconf 86' lang='lat' dir='ltr'><strong>sub</strong></span> <span class='ocrx_word' id='word_1_52' title='bbox 3021 690 3175 745; x_wconf 83' lang='lat' dir='ltr'><strong>ﬁnem</strong></span> <span class='ocrx_word' id='word_1_53' title='bbox 3216 704 3325 759; x_wconf 87' lang='lat' dir='ltr'><strong>quo</strong></span> 
     </span>
    </p>
   </div>
   <div class='ocr_carea' id='block_1_10' title="bbox 179 775 1710 849">
    <p class='ocr_par' dir='ltr' id='par_1_10' title="bbox 179 775 1710 849">
     <span class='ocr_line' id='line_1_10' title="bbox 179 775 1710 849; baseline 0.001 -22"><span class='ocrx_word' id='word_1_54' title='bbox 179 777 365 843; x_wconf 77' lang='grc' dir='ltr'><strong>λόγους</strong></span> <span class='ocrx_word' id='word_1_55' title='bbox 393 775 615 839; x_wconf 79' lang='grc' dir='ltr'><strong>τούτους</strong></span> <span class='ocrx_word' id='word_1_56' title='bbox 640 779 697 829; x_wconf 82' lang='grc' dir='ltr'>ἐν</span> <span class='ocrx_word' id='word_1_57' title='bbox 720 775 795 845; x_wconf 84' lang='grc' dir='ltr'>τῷ</span> <span class='ocrx_word' id='word_1_58' title='bbox 824 776 1004 845; x_wconf 91' lang='grc' dir='ltr'>βιϐλίῳ</span> <span class='ocrx_word' id='word_1_59' title='bbox 1030 778 1133 830; x_wconf 85' lang='grc' dir='ltr'>ἀπὸ</span> <span class='ocrx_word' id='word_1_60' title='bbox 1159 777 1414 847; x_wconf 85' lang='grc' dir='ltr'>στόματος</span> <span class='ocrx_word' id='word_1_61' title='bbox 1435 776 1710 849; x_wconf 86' lang='grc' dir='ltr'>Ἰερεμίου.</span> 
     </span>
    </p>
   </div>
   <div class='ocr_carea' id='block_1_11' title="bbox 1812 779 3326 849">
    <p class='ocr_par' dir='ltr' id='par_1_11' title="bbox 1812 779 3326 849">
     <span class='ocr_line' id='line_1_11' title="bbox 1812 779 3326 849; baseline 0.002 -18"><span class='ocrx_word' id='word_1_62' title='bbox 1812 787 1967 849; x_wconf 87' lang='lat' dir='ltr'><strong>pacto</strong></span> <span class='ocrx_word' id='word_1_63' title='bbox 1988 789 2264 849; x_wconf 77' lang='lat' dir='ltr'><strong>exceptum</strong></span> <span class='ocrx_word' id='word_1_64' title='bbox 2309 794 2401 848; x_wconf 91' lang='lat' dir='ltr'><strong>per</strong></span> <span class='ocrx_word' id='word_1_65' title='bbox 2433 779 2656 833; x_wconf 83' lang='lat' dir='ltr'><strong>insidias</strong></span> <span class='ocrx_word' id='word_1_66' title='bbox 2701 780 3007 849; x_wconf 89' lang='lat' dir='ltr'><strong>pr0phetam</strong></span> <span class='ocrx_word' id='word_1_67' title='bbox 3057 780 3112 834; x_wconf 94' lang='lat' dir='ltr'><strong>in</strong></span> <span class='ocrx_word' id='word_1_68' title='bbox 3144 794 3326 834; x_wconf 70' lang='lat' dir='ltr'><strong>cumo-</strong></span> 
     </span>
    </p>
   </div>
   <div class='ocr_carea' id='block_1_12' title="bbox 180 861 1746 939">
    <p class='ocr_par' dir='ltr' id='par_1_12' title="bbox 180 861 1711 933">
     <span class='ocr_line' id='line_1_12' title="bbox 180 861 1711 933; baseline 0.002 -19"><span class='ocrx_word' id='word_1_69' title='bbox 180 862 427 933; x_wconf 84' lang='grc' dir='ltr'>Περιέχει</span> <span class='ocrx_word' id='word_1_70' title='bbox 459 862 517 914; x_wconf 78' lang='grc' dir='ltr'>δὲ</span> <span class='ocrx_word' id='word_1_71' title='bbox 566 862 625 915; x_wconf 83' lang='grc' dir='ltr'><strong>τδ</strong></span> <span class='ocrx_word' id='word_1_72' title='bbox 658 861 854 931; x_wconf 92' lang='grc' dir='ltr'>βιϐλίον</span> <span class='ocrx_word' id='word_1_73' title='bbox 899 864 989 915; x_wconf 74' lang='grc' dir='ltr'><strong>ἐπὶ</strong></span> <span class='ocrx_word' id='word_1_74' title='bbox 1032 862 1211 925; x_wconf 79' lang='grc' dir='ltr'>τέλους</span> <span class='ocrx_word' id='word_1_75' title='bbox 1231 905 1244 929; x_wconf 86' lang='grc'><strong>,</strong></span> <span class='ocrx_word' id='word_1_76' title='bbox 1292 864 1371 917; x_wconf 84' lang='grc' dir='ltr'>ὅτι</span> <span class='ocrx_word' id='word_1_77' title='bbox 1401 864 1450 915; x_wconf 91' lang='grc' dir='ltr'><strong>οἰ</strong></span> <span class='ocrx_word' id='word_1_78' title='bbox 1481 864 1711 917; x_wconf 80' lang='grc' dir='ltr'>Ἰουδαῖοι</span> 
     </span>
    </p>
   </div>
   <div class='ocr_carea' id='block_1_13' title="bbox 1849 861 3325 939">
    <p class='ocr_par' dir='ltr' id='par_1_13' title="bbox 1849 868 3325 939">
     <span class='ocr_line' id='line_1_13' title="bbox 1849 868 3325 939; baseline 0.001 -17"><span class='ocrx_word' id='word_1_79' title='bbox 1849 886 1931 922; x_wconf 89' lang='lat' dir='ltr'><strong>um</strong></span> <span class='ocrx_word' id='word_1_80' title='bbox 1970 871 2145 923; x_wconf 89' lang='lat' dir='ltr'><strong>lacum</strong></span> <span class='ocrx_word' id='word_1_81' title='bbox 2183 868 2527 939; x_wconf 86' lang='lat' dir='ltr'><strong>projecerint,</strong></span> <span class='ocrx_word' id='word_1_82' title='bbox 2562 869 2703 924; x_wconf 89' lang='lat' dir='ltr'><strong>unde</strong></span> <span class='ocrx_word' id='word_1_83' title='bbox 2729 876 2808 924; x_wconf 90' lang='lat' dir='ltr'><strong>est</strong></span> <span class='ocrx_word' id='word_1_84' title='bbox 2852 885 2943 938; x_wconf 87' lang='lat' dir='ltr'><strong>per</strong></span> <span class='ocrx_word' id='word_1_85' title='bbox 2972 868 3325 925; x_wconf 84' lang='lat' dir='ltr'><strong>Abdemelecb</strong></span> 
     </span>
    </p>
   </div>
   <div class='ocr_carea' id='block_1_14' title="bbox 181 951 1715 1024">
    <p class='ocr_par' dir='ltr' id='par_1_14' title="bbox 181 951 1715 1024">
     <span class='ocr_line' id='line_1_14' title="bbox 181 951 1715 1024; baseline 0.002 -20"><span class='ocrx_word' id='word_1_86' title='bbox 181 951 618 1014; x_wconf 77' lang='grc' dir='ltr'>ἰπιϐουλεύοντες</span> <span class='ocrx_word' id='word_1_87' title='bbox 645 952 720 1022; x_wconf 80' lang='grc' dir='ltr'>τῷ</span> <span class='ocrx_word' id='word_1_88' title='bbox 751 955 1015 1024; x_wconf 81' lang='grc' dir='ltr'><strong>προφήτῃ,</strong></span> <span class='ocrx_word' id='word_1_89' title='bbox 1042 953 1262 1024; x_wconf 74' lang='grc' dir='ltr'>ἔρριψαν</span> <span class='ocrx_word' id='word_1_90' title='bbox 1296 953 1451 1006; x_wconf 78' lang='grc' dir='ltr'>αὑτὸν</span> <span class='ocrx_word' id='word_1_91' title='bbox 1476 955 1553 1017; x_wconf 89' lang='grc' dir='ltr'><strong>εἰς</strong></span> <span class='ocrx_word' id='word_1_92' title='bbox 1588 954 1715 1007; x_wconf 84' lang='grc' dir='ltr'>λάκ-</span> 
     </span>
    </p>
   </div>
   <div class='ocr_carea' id='block_1_15' title="bbox 183 1041 1710 1113">
    <p class='ocr_par' dir='ltr' id='par_1_15' title="bbox 183 1041 1710 1113">
     <span class='ocr_line' id='line_1_15' title="bbox 183 1041 1710 1113; baseline 0.001 -18"><span class='ocrx_word' id='word_1_93' title='bbox 183 1060 272 1095; x_wconf 91' lang='grc' dir='ltr'><strong>κον</strong></span> <span class='ocrx_word' id='word_1_94' title='bbox 301 1041 581 1112; x_wconf 91' lang='grc' dir='ltr'>βορϐόρου,</span> <span class='ocrx_word' id='word_1_95' title='bbox 599 1042 1015 1113; x_wconf 78' lang='grc' dir='ltr'>καίἈϐδεμέλεχ</span> <span class='ocrx_word' id='word_1_96' title='bbox 1034 1042 1217 1111; x_wconf 78' lang='grc' dir='ltr'>Αἰθίοψ</span> <span class='ocrx_word' id='word_1_97' title='bbox 1244 1045 1506 1113; x_wconf 83' lang='grc' dir='ltr'><strong>ἀνήγαγεν</strong></span> <span class='ocrx_word' id='word_1_98' title='bbox 1537 1044 1710 1098; x_wconf 81' lang='grc' dir='ltr'>αὐτόν.</span> 
     </span>
    </p>
   </div>
   <div class='ocr_carea' id='block_1_16' title="bbox 390 1177 1519 1250">
    <p class='ocr_par' dir='ltr' id='par_1_16' title="bbox 390 1177 1519 1250">
     <span class='ocr_line' id='line_1_16' title="bbox 390 1177 1519 1250; baseline 0.002 -19"><span class='ocrx_word' id='word_1_99' title='bbox 390 1179 497 1233; x_wconf 87' lang='grc' dir='ltr'><strong>Διὰ</strong></span> <span class='ocrx_word' id='word_1_100' title='bbox 522 1180 577 1232; x_wconf 85' lang='grc' dir='ltr'>τι</span> <span class='ocrx_word' id='word_1_101' title='bbox 606 1180 807 1250; x_wconf 81' lang='grc' dir='ltr'>Βαροὺχ</span> <span class='ocrx_word' id='word_1_102' title='bbox 835 1177 1130 1248; x_wconf 64' lang='grc' dir='ltr'>ἐπιγράφει</span> <span class='ocrx_word' id='word_1_103' title='bbox 1155 1179 1220 1232; x_wconf 83' lang='grc' dir='ltr'>τὸ</span> <span class='ocrx_word' id='word_1_104' title='bbox 1245 1180 1519 1244; x_wconf 77' lang='grc' dir='ltr'>,ϐιϐλίον;</span> 
     </span>
    </p>
   </div>
   <div class='ocr_carea' id='block_1_17' title="bbox 261 1264 1714 1339">
    <p class='ocr_par' dir='ltr' id='par_1_17' title="bbox 261 1264 1714 1339">
     <span class='ocr_line' id='line_1_17' title="bbox 261 1264 1714 1339; baseline -0.001 -18"><span class='ocrx_word' id='word_1_105' title='bbox 261 1269 482 1339; x_wconf 78' lang='grc' dir='ltr'>Ἐπειδὴ</span> <span class='ocrx_word' id='word_1_106' title='bbox 544 1264 695 1331; x_wconf 75' lang='grc' dir='ltr'>οὗτος</span> <span class='ocrx_word' id='word_1_107' title='bbox 740 1269 950 1338; x_wconf 65' lang='grc' dir='ltr'>γράψας</span> <span class='ocrx_word' id='word_1_108' title='bbox 996 1269 1100 1321; x_wconf 81' lang='grc' dir='ltr'>ἀπὸ</span> <span class='ocrx_word' id='word_1_109' title='bbox 1150 1268 1405 1339; x_wconf 88' lang='grc' dir='ltr'>στόματος</span> <span class='ocrx_word' id='word_1_110' title='bbox 1458 1268 1714 1339; x_wconf 86' lang='grc' dir='ltr'>Ἰερεμίου</span> 
     </span>
    </p>
   </div>
   <div class='ocr_carea' id='block_1_18' title="bbox 181 1357 1715 1428">
    <p class='ocr_par' dir='ltr' id='par_1_18' title="bbox 181 1357 1715 1428">
     <span class='ocr_line' id='line_1_18' title="bbox 181 1357 1715 1428; baseline -0.001 -17"><span class='ocrx_word' id='word_1_111' title='bbox 181 1359 303 1421; x_wconf 75' lang='grc' dir='ltr'>τοὺς</span> <span class='ocrx_word' id='word_1_112' title='bbox 334 1360 393 1411; x_wconf 82' lang='grc' dir='ltr'>ὲν</span> <span class='ocrx_word' id='word_1_113' title='bbox 422 1358 500 1428; x_wconf 84' lang='grc' dir='ltr'>τῷ</span> <span class='ocrx_word' id='word_1_114' title='bbox 534 1357 715 1428; x_wconf 86' lang='grc' dir='ltr'>βιϐλίῳ</span> <span class='ocrx_word' id='word_1_115' title='bbox 744 1358 926 1426; x_wconf 85' lang='grc' dir='ltr'>λόγους</span> <span class='ocrx_word' id='word_1_116' title='bbox 947 1396 961 1421; x_wconf 90' lang='grc'><strong>,</strong></span> <span class='ocrx_word' id='word_1_117' title='bbox 1003 1358 1204 1426; x_wconf 82' lang='grc' dir='ltr'>ἀνέγνω</span> <span class='ocrx_word' id='word_1_118' title='bbox 1238 1362 1343 1421; x_wconf 83' lang='grc' dir='ltr'>τοῖς</span> <span class='ocrx_word' id='word_1_119' title='bbox 1372 1360 1427 1410; x_wconf 85' lang='grc' dir='ltr'>ὲν</span> <span class='ocrx_word' id='word_1_120' title='bbox 1449 1360 1513 1427; x_wconf 82' lang='grc' dir='ltr'><strong>τῇ</strong></span> <span class='ocrx_word' id='word_1_121' title='bbox 1545 1358 1715 1410; x_wconf 83' lang='grc' dir='ltr'>Βαϐυ-</span> 
     </span>
    </p>
   </div>
   <div class='ocr_carea' id='block_1_19' title="bbox 1817 958 2433 1031">
    <p class='ocr_par' dir='ltr' id='par_1_19' title="bbox 1817 958 2433 1031">
     <span class='ocr_line' id='line_1_19' title="bbox 1817 958 2433 1031; baseline 0.003 -18"><span class='ocrx_word' id='word_1_122' title='bbox 1817 958 2119 1031; x_wconf 67' lang='lat' dir='ltr'><strong>£tbiopem</strong></span> <span class='ocrx_word' id='word_1_123' title='bbox 2146 968 2433 1017; x_wconf 72' lang='lat' dir='ltr'><strong>extractus.</strong></span> 
     </span>
    </p>
   </div>
   <div class='ocr_carea' id='block_1_20' title="bbox 2147 1171 3019 1231">
    <p class='ocr_par' dir='ltr' id='par_1_20' title="bbox 2147 1171 3019 1231">
     <span class='ocr_line' id='line_1_20' title="bbox 2147 1171 3019 1231; baseline -0.007 -1"><span class='ocrx_word' id='word_1_124' title='bbox 2147 1174 2253 1231; x_wconf 80' lang='lat' dir='ltr'><strong>Cur</strong></span> <span class='ocrx_word' id='word_1_125' title='bbox 2288 1174 2497 1228; x_wconf 87' lang='lat' dir='ltr'><strong>Barucb</strong></span> <span class='ocrx_word' id='word_1_126' title='bbox 2534 1172 2721 1225; x_wconf 79' lang='lat' dir='ltr'><strong>librum</strong></span> <span class='ocrx_word' id='word_1_127' title='bbox 2745 1171 3019 1225; x_wconf 72' lang='lat' dir='ltr'><strong>inscribit?</strong></span> 
     </span>
    </p>
   </div>
   <div class='ocr_carea' id='block_1_21' title="bbox 1888 1258 3335 1336">
    <p class='ocr_par' dir='ltr' id='par_1_21' title="bbox 1888 1258 3335 1336">
     <span class='ocr_line' id='line_1_21' title="bbox 1888 1258 3335 1336; baseline -0.006 -14"><span class='ocrx_word' id='word_1_128' title='bbox 1888 1268 2021 1333; x_wconf 88' lang='lat' dir='ltr'><strong>Quia</strong></span> <span class='ocrx_word' id='word_1_129' title='bbox 2053 1281 2173 1336; x_wconf 65' lang='lat' dir='ltr'><strong>qtae</strong></span> <span class='ocrx_word' id='word_1_130' title='bbox 2205 1264 2503 1320; x_wconf 82' lang='lat' dir='ltr'><strong>Hieremias</strong></span> <span class='ocrx_word' id='word_1_131' title='bbox 2527 1263 2775 1323; x_wconf 75' lang='lat' dir='ltr'><strong>dictarat,</strong></span> <span class='ocrx_word' id='word_1_132' title='bbox 2804 1262 2861 1314; x_wconf 91' lang='lat' dir='ltr'><strong>in</strong></span> <span class='ocrx_word' id='word_1_133' title='bbox 2900 1261 3038 1314; x_wconf 91' lang='lat' dir='ltr'><strong>libro</strong></span> <span class='ocrx_word' id='word_1_134' title='bbox 3070 1273 3100 1311; x_wconf 86' lang='lat' dir='ltr'><strong>a</strong></span> <span class='ocrx_word' id='word_1_135' title='bbox 3142 1274 3200 1313; x_wconf 80' lang='lat' dir='ltr'><strong>se</strong></span> <span class='ocrx_word' id='word_1_136' title='bbox 3246 1258 3335 1314; x_wconf 79' lang='lat' dir='ltr'><strong>de-</strong></span> 
     </span>
    </p>
   </div>
   <div class='ocr_carea' id='block_1_22' title="bbox 1819 1349 3337 1428">
    <p class='ocr_par' dir='ltr' id='par_1_22' title="bbox 1819 1349 3337 1428">
     <span class='ocr_line' id='line_1_22' title="bbox 1819 1349 3337 1428; baseline -0.007 -14"><span class='ocrx_word' id='word_1_137' title='bbox 1819 1359 2021 1428; x_wconf 89' lang='lat' dir='ltr'><strong>scripta</strong></span> <span class='ocrx_word' id='word_1_138' title='bbox 2047 1356 2279 1426; x_wconf 82' lang='lat' dir='ltr'><strong>captivis</strong></span> <span class='ocrx_word' id='word_1_139' title='bbox 2309 1354 2447 1425; x_wconf 89' lang='lat' dir='ltr'><strong>apud</strong></span> <span class='ocrx_word' id='word_1_140' title='bbox 2484 1352 2803 1422; x_wconf 83' lang='lat' dir='ltr'><strong>Babylonem</strong></span> <span class='ocrx_word' id='word_1_141' title='bbox 2852 1349 3115 1413; x_wconf 84' lang='lat' dir='ltr'><strong>recitavit,</strong></span> <span class='ocrx_word' id='word_1_142' title='bbox 3145 1360 3337 1404; x_wconf 82' lang='lat' dir='ltr'><strong>conso-</strong></span> 
     </span>
    </p>
   </div>
   <div class='ocr_carea' id='block_1_23' title="bbox 183 1438 1746 1518">
    <p class='ocr_par' dir='ltr' id='par_1_23' title="bbox 183 1446 1719 1518">
     <span class='ocr_line' id='line_1_23' title="bbox 183 1446 1719 1518; baseline -0.001 -19"><span class='ocrx_word' id='word_1_143' title='bbox 183 1448 309 1500; x_wconf 84' lang='grc' dir='ltr'>λῶνι</span> <span class='ocrx_word' id='word_1_144' title='bbox 342 1448 837 1516; x_wconf 84' lang='grc' dir='ltr'>αἰχμαλωτισθεῖσι,</span> <span class='ocrx_word' id='word_1_145' title='bbox 874 1446 1347 1518; x_wconf 86' lang='grc' dir='ltr'>παραμυθούμενος</span> <span class='ocrx_word' id='word_1_146' title='bbox 1377 1448 1597 1511; x_wconf 76' lang='grc' dir='ltr'>αὐτοὺς,</span> <span class='ocrx_word' id='word_1_147' title='bbox 1628 1448 1719 1499; x_wconf 75' lang='grc' dir='ltr'>καὶ</span> 
     </span>
    </p>
   </div>
   <div class='ocr_carea' id='block_1_24' title="bbox 1849 1438 2989 1518">
    <p class='ocr_par' dir='ltr' id='par_1_24' title="bbox 1849 1438 2989 1512">
     <span class='ocr_line' id='line_1_24' title="bbox 1849 1438 2989 1512; baseline -0.009 -11"><span class='ocrx_word' id='word_1_148' title='bbox 1849 1464 1934 1503; x_wconf 86' lang='lat' dir='ltr'><strong>ms</strong></span> <span class='ocrx_word' id='word_1_149' title='bbox 1964 1463 2057 1502; x_wconf 86' lang='lat' dir='ltr'><strong>eos</strong></span> <span class='ocrx_word' id='word_1_150' title='bbox 2083 1454 2137 1501; x_wconf 89' lang='lat' dir='ltr'><strong>et</strong></span> <span class='ocrx_word' id='word_1_151' title='bbox 2162 1444 2346 1498; x_wconf 81' lang='lat' dir='ltr'><strong>auxilii</strong></span> <span class='ocrx_word' id='word_1_152' title='bbox 2375 1457 2521 1512; x_wconf 91' lang='lat' dir='ltr'><strong>spem</strong></span> <span class='ocrx_word' id='word_1_153' title='bbox 2549 1456 2578 1493; x_wconf 91' lang='lat' dir='ltr'><strong>a</strong></span> <span class='ocrx_word' id='word_1_154' title='bbox 2603 1439 2711 1494; x_wconf 91' lang='lat' dir='ltr'><strong>Deo</strong></span> <span class='ocrx_word' id='word_1_155' title='bbox 2738 1438 2989 1492; x_wconf 86' lang='lat' dir='ltr'><strong>nuntians</strong></span> 
     </span>
    </p>
   </div>
   <div class='ocr_carea' id='block_1_25' title="bbox 185 1536 1526 1606">
    <p class='ocr_par' dir='ltr' id='par_1_25' title="bbox 185 1536 1526 1606">
     <span class='ocr_line' id='line_1_25' title="bbox 185 1536 1526 1606; baseline -0.001 -17"><span class='ocrx_word' id='word_1_156' title='bbox 185 1537 647 1606; x_wconf 75' lang='grc' dir='ltr'>ἐπαγγελλόμενος</span> <span class='ocrx_word' id='word_1_157' title='bbox 669 1538 846 1599; x_wconf 83' lang='grc' dir='ltr'>αὐτοῖς</span> <span class='ocrx_word' id='word_1_158' title='bbox 867 1538 963 1606; x_wconf 81' lang='grc' dir='ltr'><strong>τὴν</strong></span> <span class='ocrx_word' id='word_1_159' title='bbox 990 1537 1136 1606; x_wconf 86' lang='grc' dir='ltr'><strong>παρά</strong></span> <span class='ocrx_word' id='word_1_160' title='bbox 1161 1536 1292 1588; x_wconf 88' lang='grc' dir='ltr'>Θεοῦ</span> <span class='ocrx_word' id='word_1_161' title='bbox 1326 1537 1526 1589; x_wconf 75' lang='grc' dir='ltr'>ἐλπίδα.</span> 
     </span>
    </p>
   </div>
   <div class='ocr_carea' id='block_1_26' title="bbox 392 1626 1500 1697">
    <p class='ocr_par' dir='ltr' id='par_1_26' title="bbox 392 1626 1500 1697">
     <span class='ocr_line' id='line_1_26' title="bbox 392 1626 1500 1697; baseline -0.003 -18"><span class='ocrx_word' id='word_1_162' title='bbox 392 1629 497 1680; x_wconf 85' lang='grc' dir='ltr'><strong>Διὰ</strong></span> <span class='ocrx_word' id='word_1_163' title='bbox 524 1629 579 1679; x_wconf 81' lang='grc' dir='ltr'><strong>τί</strong></span> <span class='ocrx_word' id='word_1_164' title='bbox 605 1628 797 1697; x_wconf 85' lang='grc' dir='ltr'>Θρῆνοι</span> <span class='ocrx_word' id='word_1_165' title='bbox 824 1626 1121 1695; x_wconf 62' lang='grc' dir='ltr'>ὲπιγτράφει</span> <span class='ocrx_word' id='word_1_166' title='bbox 1149 1626 1212 1678; x_wconf 83' lang='grc' dir='ltr'>τὸ</span> <span class='ocrx_word' id='word_1_167' title='bbox 1233 1628 1500 1689; x_wconf 74' lang='grc' dir='ltr'>βίϐ.ιιον;</span> 
     </span>
    </p>
   </div>
   <div class='ocr_carea' id='block_1_27' title="bbox 267 1714 1718 1787">
    <p class='ocr_par' dir='ltr' id='par_1_27' title="bbox 267 1714 1718 1787">
     <span class='ocr_line' id='line_1_27' title="bbox 267 1714 1718 1787; baseline -0.002 -18"><span class='ocrx_word' id='word_1_168' title='bbox 267 1717 492 1787; x_wconf 78' lang='grc' dir='ltr'>Ἐπειδὴ</span> <span class='ocrx_word' id='word_1_169' title='bbox 518 1718 639 1780; x_wconf 78' lang='grc' dir='ltr'>τοὺς</span> <span class='ocrx_word' id='word_1_170' title='bbox 665 1718 849 1784; x_wconf 82' lang='grc' dir='ltr'>λόγους</span> <span class='ocrx_word' id='word_1_171' title='bbox 886 1716 1099 1777; x_wconf 79' lang='grc' dir='ltr'>τούτους</span> <span class='ocrx_word' id='word_1_172' title='bbox 1138 1714 1426 1785; x_wconf 85' lang='grc' dir='ltr'>ὲθρήνησεν</span> <span class='ocrx_word' id='word_1_173' title='bbox 1463 1715 1718 1785; x_wconf 85' lang='grc' dir='ltr'>Ἱερεμίας</span> 
     </span>
    </p>
   </div>
   <div class='ocr_carea' id='block_1_28' title="bbox 2005 1611 3173 1685">
    <p class='ocr_par' dir='ltr' id='par_1_28' title="bbox 2005 1611 3173 1685">
     <span class='ocr_line' id='line_1_28' title="bbox 2005 1611 3173 1685; baseline -0.008 -11"><span class='ocrx_word' id='word_1_174' title='bbox 2005 1622 2175 1685; x_wconf 85' lang='lat' dir='ltr'><strong>Quare</strong></span> <span class='ocrx_word' id='word_1_175' title='bbox 2212 1617 2643 1672; x_wconf 69' lang='lat' dir='ltr'><strong>Lamentationes</strong></span> <span class='ocrx_word' id='word_1_176' title='bbox 2679 1612 2864 1666; x_wconf 85' lang='lat' dir='ltr'><strong>librum</strong></span> <span class='ocrx_word' id='word_1_177' title='bbox 2900 1611 3173 1665; x_wconf 75' lang='lat' dir='ltr'><strong>inscribit!</strong></span> 
     </span>
    </p>
   </div>
   <div class='ocr_carea' id='block_1_29' title="bbox 1894 1702 3343 1778">
    <p class='ocr_par' dir='ltr' id='par_1_29' title="bbox 1894 1702 3343 1778">
     <span class='ocr_line' id='line_1_29' title="bbox 1894 1702 3343 1778; baseline -0.005 -14"><span class='ocrx_word' id='word_1_178' title='bbox 1894 1713 2029 1778; x_wconf 88' lang='lat' dir='ltr'><strong>Quia</strong></span> <span class='ocrx_word' id='word_1_179' title='bbox 2062 1710 2245 1765; x_wconf 84' lang='lat' dir='ltr'><strong>verbis</strong></span> <span class='ocrx_word' id='word_1_180' title='bbox 2272 1708 2392 1763; x_wconf 82' lang='lat' dir='ltr'><strong>istis</strong></span> <span class='ocrx_word' id='word_1_181' title='bbox 2421 1705 2903 1775; x_wconf 81' lang='lat' dir='ltr'><strong>Hierosolymorum</strong></span> <span class='ocrx_word' id='word_1_182' title='bbox 2948 1710 3000 1756; x_wconf 94' lang='lat' dir='ltr'><strong>et</strong></span> <span class='ocrx_word' id='word_1_183' title='bbox 3051 1702 3228 1771; x_wconf 84' lang='lat' dir='ltr'><strong>populi</strong></span> <span class='ocrx_word' id='word_1_184' title='bbox 3253 1702 3343 1771; x_wconf 84' lang='lat' dir='ltr'><strong>qui</strong></span> 
     </span>
    </p>
   </div>
   <div class='ocr_carea' id='block_1_30' title="bbox 189 1798 1746 1876">
    <p class='ocr_par' dir='ltr' id='par_1_30' title="bbox 189 1802 1721 1873">
     <span class='ocr_line' id='line_1_30' title="bbox 189 1802 1721 1873; baseline 0 -18"><span class='ocrx_word' id='word_1_185' title='bbox 189 1804 438 1873; x_wconf 74' lang='grc' dir='ltr'>περὶτῆς</span> <span class='ocrx_word' id='word_1_186' title='bbox 479 1804 840 1873; x_wconf 76' lang='grc' dir='ltr'>Ἰερουσαλὴμ,</span> <span class='ocrx_word' id='word_1_187' title='bbox 879 1804 964 1855; x_wconf 83' lang='grc' dir='ltr'>ὅτε</span> <span class='ocrx_word' id='word_1_188' title='bbox 1005 1803 1170 1866; x_wconf 83' lang='grc' dir='ltr'>έάλω,</span> <span class='ocrx_word' id='word_1_189' title='bbox 1206 1804 1296 1855; x_wconf 74' lang='grc' dir='ltr'>καὶ</span> <span class='ocrx_word' id='word_1_190' title='bbox 1332 1802 1721 1873; x_wconf 85' lang='grc' dir='ltr'>αἰχμαλωτίσθη</span> 
     </span>
    </p>
   </div>
   <div class='ocr_carea' id='block_1_31' title="bbox 1849 1798 2969 1876">
    <p class='ocr_par' dir='ltr' id='par_1_31' title="bbox 1849 1798 2969 1873">
     <span class='ocr_line' id='line_1_31' title="bbox 1849 1798 2969 1873; baseline -0.007 -17"><span class='ocrx_word' id='word_1_191' title='bbox 1849 1804 2070 1873; x_wconf 84' lang='lat' dir='ltr'><strong>:aptivus</strong></span> <span class='ocrx_word' id='word_1_192' title='bbox 2101 1811 2217 1856; x_wconf 88' lang='lat' dir='ltr'><strong>erat</strong></span> <span class='ocrx_word' id='word_1_193' title='bbox 2249 1799 2497 1855; x_wconf 87' lang='lat' dir='ltr'><strong>miserias</strong></span> <span class='ocrx_word' id='word_1_194' title='bbox 2520 1798 2839 1852; x_wconf 84' lang='lat' dir='ltr'><strong>lamentatus</strong></span> <span class='ocrx_word' id='word_1_195' title='bbox 2867 1805 2969 1851; x_wconf 90' lang='lat' dir='ltr'><strong>est.</strong></span> 
     </span>
    </p>
   </div>
   <div class='ocr_carea' id='block_1_32' title="bbox 188 1892 384 1948">
    <p class='ocr_par' dir='ltr' id='par_1_32' title="bbox 188 1892 384 1948">
     <span class='ocr_line' id='line_1_32' title="bbox 188 1892 384 1948; baseline 0.005 -3"><span class='ocrx_word' id='word_1_196' title='bbox 188 1895 217 1945; x_wconf 81' lang='grc' dir='ltr'><strong>ὁ</strong></span> <span class='ocrx_word' id='word_1_197' title='bbox 236 1892 384 1948; x_wconf 78' lang='grc' dir='ltr'>λαός.</span> 
     </span>
    </p>
   </div>
   <div class='ocr_carea' id='block_1_33' title="bbox 335 1910 1506 2051">
    <p class='ocr_par' dir='ltr' id='par_1_33' title="bbox 335 1910 1506 2051">
     <span class='ocr_line' id='line_1_33' title="bbox 335 1910 1506 2051; baseline -0.002 -16"><span class='ocrx_word' id='word_1_198' title='bbox 335 1910 363 1956; x_wconf 62' lang='grc' dir='ltr'>ς</span> <span class='ocrx_word' id='word_1_199' title='bbox 392 1982 501 2035; x_wconf 81' lang='grc' dir='ltr'><strong>Διὰ</strong></span> <span class='ocrx_word' id='word_1_200' title='bbox 530 1983 588 2034; x_wconf 82' lang='grc' dir='ltr'><strong>τί</strong></span> <span class='ocrx_word' id='word_1_201' title='bbox 630 1981 903 2051; x_wconf 83' lang='grc' dir='ltr'>Ἐπιστολὴ</span> <span class='ocrx_word' id='word_1_202' title='bbox 939 1979 1190 2051; x_wconf 79' lang='grc' dir='ltr'>Ἰερεμίου</span> <span class='ocrx_word' id='word_1_203' title='bbox 1218 1983 1506 2044; x_wconf 66' lang='grc' dir='ltr'>καλεῖταις</span> 
     </span>
    </p>
   </div>
   <div class='ocr_carea' id='block_1_34' title="bbox 270 2070 1725 2141">
    <p class='ocr_par' dir='ltr' id='par_1_34' title="bbox 270 2070 1725 2141">
     <span class='ocr_line' id='line_1_34' title="bbox 270 2070 1725 2141; baseline -0.002 -16"><span class='ocrx_word' id='word_1_204' title='bbox 270 2071 496 2141; x_wconf 78' lang='grc' dir='ltr'>Ἐπειδὴ</span> <span class='ocrx_word' id='word_1_205' title='bbox 549 2072 745 2141; x_wconf 80' lang='grc' dir='ltr'>ταύτην</span> <span class='ocrx_word' id='word_1_206' title='bbox 801 2070 1028 2141; x_wconf 78' lang='grc' dir='ltr'>ἔγραψεν</span> <span class='ocrx_word' id='word_1_207' title='bbox 1074 2072 1331 2141; x_wconf 85' lang='grc' dir='ltr'>Ἱερεμίας</span> <span class='ocrx_word' id='word_1_208' title='bbox 1391 2074 1498 2134; x_wconf 84' lang='grc' dir='ltr'>τοῖς</span> <span class='ocrx_word' id='word_1_209' title='bbox 1559 2074 1613 2123; x_wconf 84' lang='grc' dir='ltr'>ὲν</span> <span class='ocrx_word' id='word_1_210' title='bbox 1661 2074 1725 2141; x_wconf 81' lang='grc' dir='ltr'>τῇ</span> 
     </span>
    </p>
   </div>
   <div class='ocr_carea' id='block_1_35' title="bbox 191 2158 1729 2233">
    <p class='ocr_par' dir='ltr' id='par_1_35' title="bbox 191 2158 1729 2233">
     <span class='ocr_line' id='line_1_35' title="bbox 191 2158 1729 2233; baseline -0.002 -18"><span class='ocrx_word' id='word_1_211' title='bbox 191 2162 569 2233; x_wconf 77' lang='grc' dir='ltr'>αἰχμαλωσίᾳ,</span> <span class='ocrx_word' id='word_1_212' title='bbox 604 2161 741 2214; x_wconf 80' lang='grc' dir='ltr'>κατὰ</span> <span class='ocrx_word' id='word_1_213' title='bbox 770 2160 874 2213; x_wconf 84' lang='grc' dir='ltr'><strong>τῶν</strong></span> <span class='ocrx_word' id='word_1_214' title='bbox 923 2158 1147 2214; x_wconf 87' lang='grc' dir='ltr'>εἰδώλων</span> <span class='ocrx_word' id='word_1_215' title='bbox 1174 2160 1591 2230; x_wconf 74' lang='grc' dir='ltr'>ἀσφαλιζόμενος</span> <span class='ocrx_word' id='word_1_216' title='bbox 1636 2161 1729 2212; x_wconf 83' lang='grc' dir='ltr'>αύ-</span> 
     </span>
    </p>
   </div>
   <div class='ocr_carea' id='block_1_36' title="bbox 2114 1968 3060 2040">
    <p class='ocr_par' dir='ltr' id='par_1_36' title="bbox 2114 1968 3060 2040">
     <span class='ocr_line' id='line_1_36' title="bbox 2114 1968 3060 2040; baseline -0.005 -14"><span class='ocrx_word' id='word_1_217' title='bbox 2114 1972 2221 2027; x_wconf 84' lang='lat' dir='ltr'><strong>Cur</strong></span> <span class='ocrx_word' id='word_1_218' title='bbox 2256 1971 2490 2040; x_wconf 84' lang='lat' dir='ltr'><strong>Epistola</strong></span> <span class='ocrx_word' id='word_1_219' title='bbox 2519 1969 2799 2024; x_wconf 65' lang='lat' dir='ltr'><strong>Hieremias</strong></span> <span class='ocrx_word' id='word_1_220' title='bbox 2826 1968 3060 2022; x_wconf 82' lang='lat' dir='ltr'><strong>dicitur?</strong></span> 
     </span>
    </p>
   </div>
   <div class='ocr_carea' id='block_1_37' title="bbox 1898 2054 3348 2132">
    <p class='ocr_par' dir='ltr' id='par_1_37' title="bbox 1898 2054 3348 2132">
     <span class='ocr_line' id='line_1_37' title="bbox 1898 2054 3348 2132; baseline -0.01 -15"><span class='ocrx_word' id='word_1_221' title='bbox 1898 2063 2034 2129; x_wconf 87' lang='lat' dir='ltr'><strong>Quia</strong></span> <span class='ocrx_word' id='word_1_222' title='bbox 2073 2062 2241 2132; x_wconf 84' lang='lat' dir='ltr'><strong>ipsam</strong></span> <span class='ocrx_word' id='word_1_223' title='bbox 2280 2059 2496 2128; x_wconf 86' lang='lat' dir='ltr'><strong>scripsit</strong></span> <span class='ocrx_word' id='word_1_224' title='bbox 2525 2056 2820 2111; x_wconf 85' lang='lat' dir='ltr'><strong>Hieremias</strong></span> <span class='ocrx_word' id='word_1_225' title='bbox 2848 2055 2914 2109; x_wconf 89' lang='lat' dir='ltr'><strong>ad</strong></span> <span class='ocrx_word' id='word_1_226' title='bbox 2950 2054 3216 2122; x_wconf 86' lang='lat' dir='ltr'><strong>captivum</strong></span> <span class='ocrx_word' id='word_1_227' title='bbox 3253 2064 3348 2119; x_wconf 80' lang='lat' dir='ltr'><strong>po-</strong></span> 
     </span>
    </p>
   </div>
   <div class='ocr_carea' id='block_1_38' title="bbox 1830 2143 3348 2222">
    <p class='ocr_par' dir='ltr' id='par_1_38' title="bbox 1830 2143 3348 2222">
     <span class='ocr_line' id='line_1_38' title="bbox 1830 2143 3348 2222; baseline -0.008 -18"><span class='ocrx_word' id='word_1_228' title='bbox 1830 2153 2042 2222; x_wconf 88' lang='lat' dir='ltr'><strong>pulum,</strong></span> <span class='ocrx_word' id='word_1_229' title='bbox 2097 2158 2156 2203; x_wconf 93' lang='lat' dir='ltr'><strong>ut</strong></span> <span class='ocrx_word' id='word_1_230' title='bbox 2200 2146 2444 2203; x_wconf 90' lang='lat' dir='ltr'><strong>eumdem</strong></span> <span class='ocrx_word' id='word_1_231' title='bbox 2480 2145 2735 2200; x_wconf 83' lang='lat' dir='ltr'><strong>adversus</strong></span> <span class='ocrx_word' id='word_1_232' title='bbox 2787 2143 2928 2198; x_wconf 88' lang='lat' dir='ltr'><strong>idola</strong></span> <span class='ocrx_word' id='word_1_233' title='bbox 2976 2144 3348 2207; x_wconf 76' lang='lat' dir='ltr'><strong>conﬁrmaret,</strong></span> 
     </span>
    </p>
   </div>
   <div class='ocr_carea' id='block_1_39' title="bbox 191 2234 1746 2321">
    <p class='ocr_par' dir='ltr' id='par_1_39' title="bbox 191 2249 1730 2321">
     <span class='ocr_line' id='line_1_39' title="bbox 191 2249 1730 2321; baseline -0.003 -17"><span class='ocrx_word' id='word_1_234' title='bbox 191 2252 348 2315; x_wconf 83' lang='grc' dir='ltr'>τοὺς,</span> <span class='ocrx_word' id='word_1_235' title='bbox 403 2253 495 2303; x_wconf 85' lang='grc' dir='ltr'><strong>ἴνα</strong></span> <span class='ocrx_word' id='word_1_236' title='bbox 530 2252 623 2321; x_wconf 83' lang='grc' dir='ltr'><strong>μὴ,</strong></span> <span class='ocrx_word' id='word_1_237' title='bbox 665 2249 944 2318; x_wconf 87' lang='grc' dir='ltr'>βλέποντες</span> <span class='ocrx_word' id='word_1_238' title='bbox 992 2249 1159 2314; x_wconf 88' lang='grc' dir='ltr'>αύτά,</span> <span class='ocrx_word' id='word_1_239' title='bbox 1206 2250 1577 2320; x_wconf 84' lang='grc' dir='ltr'>συναπαχθῶσι</span> <span class='ocrx_word' id='word_1_240' title='bbox 1622 2252 1730 2311; x_wconf 85' lang='grc' dir='ltr'>τοῖς</span> 
     </span>
    </p>
   </div>
   <div class='ocr_carea' id='block_1_40' title="bbox 1849 2234 3350 2321">
    <p class='ocr_par' dir='ltr' id='par_1_40' title="bbox 1849 2234 3350 2313">
     <span class='ocr_line' id='line_1_40' title="bbox 1849 2234 3350 2313; baseline -0.01 -16"><span class='ocrx_word' id='word_1_241' title='bbox 1849 2260 1896 2299; x_wconf 77' lang='lat' dir='ltr'><strong>te</strong></span> <span class='ocrx_word' id='word_1_242' title='bbox 1941 2242 2033 2313; x_wconf 88' lang='lat' dir='ltr'><strong>qui</strong></span> <span class='ocrx_word' id='word_1_243' title='bbox 2076 2242 2192 2310; x_wconf 90' lang='lat' dir='ltr'><strong>ipsa</strong></span> <span class='ocrx_word' id='word_1_244' title='bbox 2235 2240 2604 2303; x_wconf 84' lang='lat' dir='ltr'><strong>intuebantur,</strong></span> <span class='ocrx_word' id='word_1_245' title='bbox 2641 2236 2706 2290; x_wconf 89' lang='lat' dir='ltr'><strong>ad</strong></span> <span class='ocrx_word' id='word_1_246' title='bbox 2739 2249 2923 2290; x_wconf 90' lang='lat' dir='ltr'><strong>eorum</strong></span> <span class='ocrx_word' id='word_1_247' title='bbox 2963 2234 3198 2295; x_wconf 90' lang='lat' dir='ltr'><strong>cultum,</strong></span> <span class='ocrx_word' id='word_1_248' title='bbox 3227 2243 3350 2284; x_wconf 88' lang='lat' dir='ltr'><strong>cum</strong></span> 
     </span>
    </p>
   </div>
   <div class='ocr_carea' id='block_1_41' title="bbox 194 2339 693 2410">
    <p class='ocr_par' dir='ltr' id='par_1_41' title="bbox 194 2339 693 2410">
     <span class='ocr_line' id='line_1_41' title="bbox 194 2339 693 2410; baseline -0.002 -18"><span class='ocrx_word' id='word_1_249' title='bbox 194 2340 510 2410; x_wconf 85' lang='grc' dir='ltr'>σεϐομένοις</span> <span class='ocrx_word' id='word_1_250' title='bbox 540 2339 693 2393; x_wconf 81' lang='grc' dir='ltr'>αὑτά.</span> 
     </span>
    </p>
   </div>
   <div class='ocr_carea' id='block_1_42' title="bbox 383 2446 1566 2517">
    <p class='ocr_par' dir='ltr' id='par_1_42' title="bbox 383 2446 1566 2517">
     <span class='ocr_line' id='line_1_42' title="bbox 383 2446 1566 2517; baseline -0.003 -16"><span class='ocrx_word' id='word_1_251' title='bbox 383 2446 865 2517; x_wconf 74' lang='grc' dir='ltr'><strong>ἸΕΣΕΚ1ΗΛ(εἰσ)</strong></span> <span class='ocrx_word' id='word_1_252' title='bbox 906 2446 1056 2498; x_wconf 85' lang='grc' dir='ltr'><strong>ΥιοΣ</strong></span> <span class='ocrx_word' id='word_1_253' title='bbox 1094 2446 1286 2500; x_wconf 85' lang='grc' dir='ltr'><strong>ΒΟΥΖΙ</strong></span> <span class='ocrx_word' id='word_1_254' title='bbox 1316 2446 1566 2499; x_wconf 84' lang='grc' dir='ltr'><strong>ΙΕΡΕΩΣ.</strong></span> 
     </span>
    </p>
   </div>
   <div class='ocr_carea' id='block_1_43' title="bbox 266 2553 1736 2626">
    <p class='ocr_par' dir='ltr' id='par_1_43' title="bbox 266 2553 1736 2626">
     <span class='ocr_line' id='line_1_43' title="bbox 266 2553 1736 2626; baseline -0.003 -15"><span class='ocrx_word' id='word_1_255' title='bbox 266 2553 435 2620; x_wconf 81' lang='grc' dir='ltr'>Οῦτος</span> <span class='ocrx_word' id='word_1_256' title='bbox 470 2558 526 2609; x_wconf 79' lang='grc' dir='ltr'>ὲν</span> <span class='ocrx_word' id='word_1_257' title='bbox 549 2558 613 2625; x_wconf 75' lang='grc' dir='ltr'><strong>τῇ</strong></span> <span class='ocrx_word' id='word_1_258' title='bbox 632 2555 961 2625; x_wconf 77' lang='grc' dir='ltr'>αἰχμαλωσίᾳ</span> <span class='ocrx_word' id='word_1_259' title='bbox 990 2555 1172 2622; x_wconf 88' lang='grc' dir='ltr'>γέγονε</span> <span class='ocrx_word' id='word_1_260' title='bbox 1202 2555 1333 2626; x_wconf 88' lang='grc' dir='ltr'><strong>μετά</strong></span> <span class='ocrx_word' id='word_1_261' title='bbox 1366 2555 1623 2625; x_wconf 84' lang='grc' dir='ltr'>Ἰερεμίαν</span> <span class='ocrx_word' id='word_1_262' title='bbox 1647 2556 1736 2607; x_wconf 77' lang='grc' dir='ltr'>καὶ</span> 
     </span>
    </p>
   </div>
   <div class='ocr_carea' id='block_1_44' title="bbox 195 2643 1737 2717">
    <p class='ocr_par' dir='ltr' id='par_1_44' title="bbox 195 2643 1737 2717">
     <span class='ocr_line' id='line_1_44' title="bbox 195 2643 1737 2717; baseline -0.003 -18"><span class='ocrx_word' id='word_1_263' title='bbox 195 2646 272 2717; x_wconf 82' lang='grc' dir='ltr'>τῷ</span> <span class='ocrx_word' id='word_1_264' title='bbox 301 2645 541 2716; x_wconf 80' lang='grc' dir='ltr'>πέμπτῳ</span> <span class='ocrx_word' id='word_1_265' title='bbox 574 2644 679 2696; x_wconf 82' lang='grc' dir='ltr'>έτει</span> <span class='ocrx_word' id='word_1_266' title='bbox 717 2644 812 2713; x_wconf 84' lang='grc' dir='ltr'>τῆς</span> <span class='ocrx_word' id='word_1_267' title='bbox 836 2643 1200 2714; x_wconf 82' lang='grc' dir='ltr'>αἰχμαλωσίας</span> <span class='ocrx_word' id='word_1_268' title='bbox 1249 2643 1496 2713; x_wconf 75' lang='grc' dir='ltr'>Ἰωακεὶμ</span> <span class='ocrx_word' id='word_1_269' title='bbox 1541 2643 1737 2713; x_wconf 74' lang='grc' dir='ltr'>ἤρξατο</span> 
     </span>
    </p>
   </div>
   <div class='ocr_carea' id='block_1_45' title="bbox 197 2733 1733 2807">
    <p class='ocr_par' dir='ltr' id='par_1_45' title="bbox 197 2733 1733 2807">
     <span class='ocr_line' id='line_1_45' title="bbox 197 2733 1733 2807; baseline -0.001 -18"><span class='ocrx_word' id='word_1_270' title='bbox 197 2734 581 2807; x_wconf 75' lang='grc' dir='ltr'>προφητεύειν.</span> <span class='ocrx_word' id='word_1_271' title='bbox 636 2735 795 2801; x_wconf 76' lang='grc' dir='ltr'>Λόγος</span> <span class='ocrx_word' id='word_1_272' title='bbox 818 2733 872 2785; x_wconf 87' lang='grc' dir='ltr'>δὲ</span> <span class='ocrx_word' id='word_1_273' title='bbox 900 2734 1097 2804; x_wconf 79' lang='grc' dir='ltr'>Κυρίου</span> <span class='ocrx_word' id='word_1_274' title='bbox 1140 2733 1348 2801; x_wconf 73' lang='grc' dir='ltr'>ἐγένετο</span> <span class='ocrx_word' id='word_1_275' title='bbox 1379 2733 1512 2805; x_wconf 78' lang='grc' dir='ltr'>πρὸς</span> <span class='ocrx_word' id='word_1_276' title='bbox 1543 2735 1697 2787; x_wconf 86' lang='grc' dir='ltr'>αὐτόν</span> <span class='ocrx_word' id='word_1_277' title='bbox 1720 2751 1733 2765; x_wconf 92' lang='grc'><strong>·</strong></span> 
     </span>
    </p>
   </div>
   <div class='ocr_carea' id='block_1_46' title="bbox 198 2821 1735 2895">
    <p class='ocr_par' dir='ltr' id='par_1_46' title="bbox 198 2821 1735 2895">
     <span class='ocr_line' id='line_1_46' title="bbox 198 2821 1735 2895; baseline -0.001 -17"><span class='ocrx_word' id='word_1_278' title='bbox 198 2827 292 2878; x_wconf 79' lang='grc' dir='ltr'>καὶ</span> <span class='ocrx_word' id='word_1_279' title='bbox 329 2826 522 2895; x_wconf 85' lang='grc' dir='ltr'>ὅρασιν</span> <span class='ocrx_word' id='word_1_280' title='bbox 566 2824 659 2892; x_wconf 82' lang='grc' dir='ltr'>μὲν</span> <span class='ocrx_word' id='word_1_281' title='bbox 686 2822 909 2892; x_wconf 79' lang='grc' dir='ltr'>ὲξαρχῆς</span> <span class='ocrx_word' id='word_1_282' title='bbox 956 2821 1089 2886; x_wconf 81' lang='grc' dir='ltr'>ζώου</span> <span class='ocrx_word' id='word_1_283' title='bbox 1123 2822 1568 2894; x_wconf 84' lang='grc' dir='ltr'>τετραπροσώπου</span> <span class='ocrx_word' id='word_1_284' title='bbox 1613 2822 1735 2877; x_wconf 87' lang='grc' dir='ltr'>θαυ-</span> 
     </span>
    </p>
   </div>
   <div class='ocr_carea' id='block_1_47' title="bbox 203 2910 1740 2982">
    <p class='ocr_par' dir='ltr' id='par_1_47' title="bbox 203 2910 1740 2982">
     <span class='ocr_line' id='line_1_47' title="bbox 203 2910 1740 2982; baseline -0.001 -17"><span class='ocrx_word' id='word_1_285' title='bbox 203 2913 413 2982; x_wconf 83' lang='grc' dir='ltr'>μαστὴν</span> <span class='ocrx_word' id='word_1_286' title='bbox 466 2911 557 2963; x_wconf 65' lang='grc' dir='ltr'>καὶ</span> <span class='ocrx_word' id='word_1_287' title='bbox 600 2910 1100 2980; x_wconf 79' lang='grc' dir='ltr'>ὲκπληκτικωτάτην</span> <span class='ocrx_word' id='word_1_288' title='bbox 1162 2912 1255 2963; x_wconf 72' lang='grc' dir='ltr'>καὶ</span> <span class='ocrx_word' id='word_1_289' title='bbox 1322 2911 1740 2982; x_wconf 83' lang='grc' dir='ltr'>δυσερμήνευτον</span> 
     </span>
    </p>
   </div>
   <div class='ocr_carea' id='block_1_48' title="bbox 200 3000 1739 3071">
    <p class='ocr_par' dir='ltr' id='par_1_48' title="bbox 200 3000 1739 3071">
     <span class='ocr_line' id='line_1_48' title="bbox 200 3000 1739 3071; baseline -0.001 -18"><span class='ocrx_word' id='word_1_290' title='bbox 200 3003 320 3071; x_wconf 76' lang='grc' dir='ltr'>ὁρᾷ.</span> <span class='ocrx_word' id='word_1_291' title='bbox 344 3000 681 3070; x_wconf 74' lang='grc' dir='ltr'>Προφήτεύει</span> <span class='ocrx_word' id='word_1_292' title='bbox 722 3000 777 3051; x_wconf 83' lang='grc' dir='ltr'>δὲ</span> <span class='ocrx_word' id='word_1_293' title='bbox 815 3000 903 3051; x_wconf 75' lang='grc' dir='ltr'><strong>ἐπὶ</strong></span> <span class='ocrx_word' id='word_1_294' title='bbox 941 3001 1053 3061; x_wconf 70' lang='grc' dir='ltr'>τοὺς</span> <span class='ocrx_word' id='word_1_295' title='bbox 1081 3000 1353 3069; x_wconf 81' lang='grc' dir='ltr'>προφήτας</span> <span class='ocrx_word' id='word_1_296' title='bbox 1382 3000 1473 3052; x_wconf 90' lang='grc' dir='ltr'><strong>τοῦ</strong></span> <span class='ocrx_word' id='word_1_297' title='bbox 1511 3000 1739 3071; x_wconf 82' lang='grc' dir='ltr'>Ἰσραὴλ,</span> 
     </span>
    </p>
   </div>
   <div class='ocr_carea' id='block_1_49' title="bbox 1832 2330 2911 2401">
    <p class='ocr_par' dir='ltr' id='par_1_49' title="bbox 1832 2330 2911 2401">
     <span class='ocr_line' id='line_1_49' title="bbox 1832 2330 2911 2401; baseline -0.009 -14"><span class='ocrx_word' id='word_1_298' title='bbox 1832 2335 1897 2389; x_wconf 93' lang='lat' dir='ltr'><strong>iis</strong></span> <span class='ocrx_word' id='word_1_299' title='bbox 1929 2347 1960 2385; x_wconf 90' lang='lat' dir='ltr'><strong>a</strong></span> <span class='ocrx_word' id='word_1_300' title='bbox 1991 2332 2195 2401; x_wconf 90' lang='lat' dir='ltr'><strong>quibus</strong></span> <span class='ocrx_word' id='word_1_301' title='bbox 2228 2330 2560 2392; x_wconf 87' lang='lat' dir='ltr'><strong>colebantur,</strong></span> <span class='ocrx_word' id='word_1_302' title='bbox 2595 2332 2911 2396; x_wconf 89' lang='lat' dir='ltr'><strong>raperentur</strong></span> 
     </span>
    </p>
   </div>
   <div class='ocr_carea' id='block_1_50' title="bbox 1975 2432 3214 2499">
    <p class='ocr_par' dir='ltr' id='par_1_50' title="bbox 1975 2432 3214 2499">
     <span class='ocr_line' id='line_1_50' title="bbox 1975 2432 3214 2499; baseline -0.009 0"><span class='ocrx_word' id='word_1_303' title='bbox 1975 2442 2302 2499; x_wconf 81' lang='lat' dir='ltr'><strong>EZECHIEL</strong></span> <span class='ocrx_word' id='word_1_304' title='bbox 2337 2440 2491 2498; x_wconf 84' lang='lat' dir='ltr'><strong>BUSI</strong></span> <span class='ocrx_word' id='word_1_305' title='bbox 2525 2433 2945 2495; x_wconf 80' lang='lat' dir='ltr'><strong>SACERDOTIS</strong></span> <span class='ocrx_word' id='word_1_306' title='bbox 2975 2432 3214 2488; x_wconf 85' lang='lat' dir='ltr'><strong>FILIUS.</strong></span> 
     </span>
    </p>
   </div>
   <div class='ocr_carea' id='block_1_51' title="bbox 1905 2546 3351 2622">
    <p class='ocr_par' dir='ltr' id='par_1_51' title="bbox 1905 2546 3351 2622">
     <span class='ocr_line' id='line_1_51' title="bbox 1905 2546 3351 2622; baseline -0.008 -13"><span class='ocrx_word' id='word_1_307' title='bbox 1905 2554 2025 2609; x_wconf 87' lang='lat' dir='ltr'><strong>Fuit</strong></span> <span class='ocrx_word' id='word_1_308' title='bbox 2076 2553 2164 2608; x_wconf 88' lang='lat' dir='ltr'><strong>hic</strong></span> <span class='ocrx_word' id='word_1_309' title='bbox 2211 2553 2533 2622; x_wconf 76' lang='lat' dir='ltr'><strong>captivitatis</strong></span> <span class='ocrx_word' id='word_1_310' title='bbox 2563 2558 2798 2620; x_wconf 90' lang='lat' dir='ltr'><strong>tempore</strong></span> <span class='ocrx_word' id='word_1_311' title='bbox 2844 2555 2964 2619; x_wconf 92' lang='lat' dir='ltr'><strong>post</strong></span> <span class='ocrx_word' id='word_1_312' title='bbox 3010 2546 3351 2612; x_wconf 84' lang='lat' dir='ltr'><strong>Hieremiam,</strong></span> 
     </span>
    </p>
   </div>
   <div class='ocr_carea' id='block_1_52' title="bbox 1837 2634 3356 2715">
    <p class='ocr_par' dir='ltr' id='par_1_52' title="bbox 1837 2634 3356 2715">
     <span class='ocr_line' id='line_1_52' title="bbox 1837 2634 3356 2715; baseline -0.007 -16"><span class='ocrx_word' id='word_1_313' title='bbox 1837 2660 2083 2715; x_wconf 88' lang='lat' dir='ltr'><strong>annoque</strong></span> <span class='ocrx_word' id='word_1_314' title='bbox 2121 2645 2309 2713; x_wconf 87' lang='lat' dir='ltr'><strong>quinto</strong></span> <span class='ocrx_word' id='word_1_315' title='bbox 2342 2641 2567 2697; x_wconf 76' lang='lat' dir='ltr'><strong>Joacimi</strong></span> <span class='ocrx_word' id='word_1_316' title='bbox 2604 2640 2927 2711; x_wconf 82' lang='lat' dir='ltr'><strong>captivitatis</strong></span> <span class='ocrx_word' id='word_1_317' title='bbox 2975 2637 3136 2706; x_wconf 67' lang='lat' dir='ltr'><strong>coepit</strong></span> <span class='ocrx_word' id='word_1_318' title='bbox 3172 2634 3356 2690; x_wconf 85' lang='lat' dir='ltr'><strong>vatici-</strong></span> 
     </span>
    </p>
   </div>
   <div class='ocr_carea' id='block_1_53' title="bbox 1838 2723 3354 2793">
    <p class='ocr_par' dir='ltr' id='par_1_53' title="bbox 1838 2723 3354 2793">
     <span class='ocr_line' id='line_1_53' title="bbox 1838 2723 3354 2793; baseline -0.01 -1"><span class='ocrx_word' id='word_1_319' title='bbox 1838 2737 1977 2791; x_wconf 87' lang='lat' dir='ltr'><strong>nari.</strong></span> <span class='ocrx_word' id='word_1_320' title='bbox 2013 2734 2205 2789; x_wconf 87' lang='lat' dir='ltr'><strong>Factus</strong></span> <span class='ocrx_word' id='word_1_321' title='bbox 2230 2744 2314 2789; x_wconf 91' lang='lat' dir='ltr'><strong>est</strong></span> <span class='ocrx_word' id='word_1_322' title='bbox 2341 2740 2517 2788; x_wconf 86' lang='lat' dir='ltr'><strong>autem</strong></span> <span class='ocrx_word' id='word_1_323' title='bbox 2557 2747 2766 2793; x_wconf 87' lang='lat' dir='ltr'><strong>sermo,</strong></span> <span class='ocrx_word' id='word_1_324' title='bbox 2802 2728 2940 2783; x_wconf 82' lang='lat' dir='ltr'><strong>facta</strong></span> <span class='ocrx_word' id='word_1_325' title='bbox 2982 2728 3105 2781; x_wconf 84' lang='lat' dir='ltr'><strong>item</strong></span> <span class='ocrx_word' id='word_1_326' title='bbox 3145 2723 3354 2779; x_wconf 88' lang='lat' dir='ltr'><strong>Domini</strong></span> 
     </span>
    </p>
   </div>
   <div class='ocr_carea' id='block_1_54' title="bbox 1837 2814 3360 2889">
    <p class='ocr_par' dir='ltr' id='par_1_54' title="bbox 1837 2814 3360 2889">
     <span class='ocr_line' id='line_1_54' title="bbox 1837 2814 3360 2889; baseline -0.009 -8"><span class='ocrx_word' id='word_1_327' title='bbox 1837 2842 2028 2881; x_wconf 88' lang='lat' dir='ltr'><strong>manus</strong></span> <span class='ocrx_word' id='word_1_328' title='bbox 2080 2826 2143 2879; x_wconf 90' lang='lat' dir='ltr'><strong>ad</strong></span> <span class='ocrx_word' id='word_1_329' title='bbox 2189 2839 2330 2887; x_wconf 90' lang='lat' dir='ltr'><strong>eum,</strong></span> <span class='ocrx_word' id='word_1_330' title='bbox 2377 2822 2740 2889; x_wconf 88' lang='lat' dir='ltr'><strong>visionemque</strong></span> <span class='ocrx_word' id='word_1_331' title='bbox 2771 2818 2921 2872; x_wconf 87' lang='lat' dir='ltr'><strong>initio</strong></span> <span class='ocrx_word' id='word_1_332' title='bbox 2981 2814 3360 2887; x_wconf 78' lang='lat' dir='ltr'><strong>quadriformis</strong></span> 
     </span>
    </p>
   </div>
   <div class='ocr_carea' id='block_1_55' title="bbox 1841 2901 3361 2974">
    <p class='ocr_par' dir='ltr' id='par_1_55' title="bbox 1841 2901 3361 2974">
     <span class='ocr_line' id='line_1_55' title="bbox 1841 2901 3361 2974; baseline -0.008 -7"><span class='ocrx_word' id='word_1_333' title='bbox 1841 2915 2089 2969; x_wconf 81' lang='lat' dir='ltr'><strong>animalis</strong></span> <span class='ocrx_word' id='word_1_334' title='bbox 2141 2913 2271 2966; x_wconf 83' lang='lat' dir='ltr'><strong>vidit</strong></span> <span class='ocrx_word' id='word_1_335' title='bbox 2328 2909 2621 2964; x_wconf 86' lang='lat' dir='ltr'><strong>mirabilem</strong></span> <span class='ocrx_word' id='word_1_336' title='bbox 2675 2907 3010 2974; x_wconf 80' lang='lat' dir='ltr'><strong>maximeque</strong></span> <span class='ocrx_word' id='word_1_337' title='bbox 3069 2901 3361 2957; x_wconf 77' lang='lat' dir='ltr'><strong>formidan-</strong></span> 
     </span>
    </p>
   </div>
   <div class='ocr_carea' id='block_1_56' title="bbox 1842 2994 3361 3070">
    <p class='ocr_par' dir='ltr' id='par_1_56' title="bbox 1842 2994 3361 3070">
     <span class='ocr_line' id='line_1_56' title="bbox 1842 2994 3361 3070; baseline -0.009 -11"><span class='ocrx_word' id='word_1_338' title='bbox 1842 3007 1962 3059; x_wconf 86' lang='lat' dir='ltr'><strong>dam</strong></span> <span class='ocrx_word' id='word_1_339' title='bbox 1986 3042 2001 3067; x_wconf 86' lang='lat'><strong>,</strong></span> <span class='ocrx_word' id='word_1_340' title='bbox 2032 3010 2085 3059; x_wconf 90' lang='lat' dir='ltr'><strong>et</strong></span> <span class='ocrx_word' id='word_1_341' title='bbox 2119 3001 2477 3070; x_wconf 78' lang='lat' dir='ltr'><strong>explicatione</strong></span> <span class='ocrx_word' id='word_1_342' title='bbox 2501 2997 2787 3053; x_wconf 81' lang='lat' dir='ltr'><strong>ditlicilem.</strong></span> <span class='ocrx_word' id='word_1_343' title='bbox 2821 2994 3158 3049; x_wconf 81' lang='lat' dir='ltr'><strong>Vaticinatur</strong></span> <span class='ocrx_word' id='word_1_344' title='bbox 3186 2999 3361 3046; x_wconf 89' lang='lat' dir='ltr'><strong>autem</strong></span> 
     </span>
    </p>
   </div>
   <div class='ocr_carea' id='block_1_57' title="bbox 202 3084 1746 3180">
    <p class='ocr_par' dir='ltr' id='par_1_57' title="bbox 202 3087 1739 3158">
     <span class='ocr_line' id='line_1_57' title="bbox 202 3087 1739 3158; baseline -0.001 -16"><span class='ocrx_word' id='word_1_345' title='bbox 202 3092 446 3158; x_wconf 73' lang='grc' dir='ltr'>καὶπερὶ</span> <span class='ocrx_word' id='word_1_346' title='bbox 460 3088 553 3140; x_wconf 89' lang='grc' dir='ltr'><strong>τοῦ</strong></span> <span class='ocrx_word' id='word_1_347' title='bbox 572 3088 722 3151; x_wconf 80' lang='grc' dir='ltr'>ξύλου</span> <span class='ocrx_word' id='word_1_348' title='bbox 749 3089 843 3157; x_wconf 78' lang='grc' dir='ltr'>τῆς</span> <span class='ocrx_word' id='word_1_349' title='bbox 863 3087 1122 3156; x_wconf 83' lang='grc' dir='ltr'>ἀμπέλου,</span> <span class='ocrx_word' id='word_1_350' title='bbox 1146 3089 1237 3140; x_wconf 74' lang='grc' dir='ltr'>καὶ</span> <span class='ocrx_word' id='word_1_351' title='bbox 1250 3088 1485 3157; x_wconf 84' lang='grc' dir='ltr'>διήγημα</span> <span class='ocrx_word' id='word_1_352' title='bbox 1510 3089 1739 3158; x_wconf 74' lang='grc' dir='ltr'>περὶτοῦ</span> 
     </span>
    </p>
   </div>
   <div class='ocr_carea' id='block_1_58' title="bbox 1849 3084 3365 3180">
    <p class='ocr_par' dir='ltr' id='par_1_58' title="bbox 1849 3084 3365 3161">
     <span class='ocr_line' id='line_1_58' title="bbox 1849 3084 3365 3161; baseline -0.008 -15"><span class='ocrx_word' id='word_1_353' title='bbox 1849 3095 1900 3146; x_wconf 93' lang='lat' dir='ltr'><strong>in</strong></span> <span class='ocrx_word' id='word_1_354' title='bbox 1950 3092 2238 3161; x_wconf 83' lang='lat' dir='ltr'><strong>prophetas</strong></span> <span class='ocrx_word' id='word_1_355' title='bbox 2286 3088 2482 3148; x_wconf 86' lang='lat' dir='ltr'><strong>Israel,</strong></span> <span class='ocrx_word' id='word_1_356' title='bbox 2525 3088 2697 3155; x_wconf 86' lang='lat' dir='ltr'><strong>deque</strong></span> <span class='ocrx_word' id='word_1_357' title='bbox 2734 3086 2879 3156; x_wconf 87' lang='lat' dir='ltr'><strong>ligno</strong></span> <span class='ocrx_word' id='word_1_358' title='bbox 2915 3085 3059 3140; x_wconf 91' lang='lat' dir='ltr'><strong>vitis.</strong></span> <span class='ocrx_word' id='word_1_359' title='bbox 3103 3084 3263 3137; x_wconf 76' lang='lat' dir='ltr'><strong>Addit</strong></span> <span class='ocrx_word' id='word_1_360' title='bbox 3311 3089 3365 3135; x_wconf 90' lang='lat' dir='ltr'><strong>et</strong></span> 
     </span>
    </p>
   </div>
   <div class='ocr_carea' id='block_1_59' title="bbox 202 3173 1739 3243">
    <p class='ocr_par' dir='ltr' id='par_1_59' title="bbox 202 3173 1739 3243">
     <span class='ocr_line' id='line_1_59' title="bbox 202 3173 1739 3243; baseline -0.004 -14"><span class='ocrx_word' id='word_1_361' title='bbox 202 3177 386 3238; x_wconf 79' lang='grc' dir='ltr'>ἀετοῦ,</span> <span class='ocrx_word' id='word_1_362' title='bbox 419 3176 513 3227; x_wconf 82' lang='grc' dir='ltr'>καὶ</span> <span class='ocrx_word' id='word_1_363' title='bbox 555 3173 967 3243; x_wconf 86' lang='grc' dir='ltr'>διαμαρτύρεται</span> <span class='ocrx_word' id='word_1_364' title='bbox 1027 3176 1082 3243; x_wconf 78' lang='grc' dir='ltr'>τῇ</span> <span class='ocrx_word' id='word_1_365' title='bbox 1128 3174 1467 3243; x_wconf 77' lang='grc' dir='ltr'>Ἰερουσαλὴμ</span> <span class='ocrx_word' id='word_1_366' title='bbox 1497 3173 1592 3236; x_wconf 76' lang='grc' dir='ltr'><strong>τὰς</strong></span> <span class='ocrx_word' id='word_1_367' title='bbox 1619 3176 1739 3225; x_wconf 85' lang='grc' dir='ltr'>ἀνο-</span> 
     </span>
    </p>
   </div>
   <div class='ocr_carea' id='block_1_60' title="bbox 202 3262 1745 3337">
    <p class='ocr_par' dir='ltr' id='par_1_60' title="bbox 202 3262 1745 3337">
     <span class='ocr_line' id='line_1_60' title="bbox 202 3262 1745 3337; baseline -0.002 -19"><span class='ocrx_word' id='word_1_368' title='bbox 202 3267 361 3337; x_wconf 86' lang='grc' dir='ltr'>μίας,</span> <span class='ocrx_word' id='word_1_369' title='bbox 397 3262 610 3325; x_wconf 77' lang='grc' dir='ltr'>καὶτὰς</span> <span class='ocrx_word' id='word_1_370' title='bbox 641 3263 902 3332; x_wconf 80' lang='grc' dir='ltr'>ἁμαρτίας</span> <span class='ocrx_word' id='word_1_371' title='bbox 959 3263 1155 3332; x_wconf 76' lang='grc' dir='ltr'>αὐτῆς’</span> <span class='ocrx_word' id='word_1_372' title='bbox 1202 3262 1326 3332; x_wconf 80' lang='grc' dir='ltr'>περί</span> <span class='ocrx_word' id='word_1_373' title='bbox 1350 3280 1407 3314; x_wconf 90' lang='grc' dir='ltr'><strong>τε</strong></span> <span class='ocrx_word' id='word_1_374' title='bbox 1444 3264 1538 3332; x_wconf 83' lang='grc' dir='ltr'>τῆς</span> <span class='ocrx_word' id='word_1_375' title='bbox 1573 3279 1745 3332; x_wconf 89' lang='grc' dir='ltr'>παρα-</span> 
     </span>
    </p>
   </div>
   <div class='ocr_carea' id='block_1_61' title="bbox 203 3349 1744 3423">
    <p class='ocr_par' dir='ltr' id='par_1_61' title="bbox 203 3349 1744 3423">
     <span class='ocr_line' id='line_1_61' title="bbox 203 3349 1744 3423; baseline -0.002 -16"><span class='ocrx_word' id='word_1_376' title='bbox 203 3356 392 3422; x_wconf 81' lang='grc' dir='ltr'>ϐολῆς,</span> <span class='ocrx_word' id='word_1_377' title='bbox 437 3349 505 3423; x_wconf 82' lang='grc' dir='ltr'>ἧς</span> <span class='ocrx_word' id='word_1_378' title='bbox 544 3351 740 3417; x_wconf 79' lang='grc' dir='ltr'>ἔλεγον,</span> <span class='ocrx_word' id='word_1_379' title='bbox 769 3353 817 3404; x_wconf 88' lang='grc' dir='ltr'>οἱ</span> <span class='ocrx_word' id='word_1_380' title='bbox 846 3352 1069 3422; x_wconf 81' lang='grc' dir='ltr'>πατέρες</span> <span class='ocrx_word' id='word_1_381' title='bbox 1109 3350 1303 3420; x_wconf 79' lang='grc' dir='ltr'>ἔφαγον</span> <span class='ocrx_word' id='word_1_382' title='bbox 1321 3352 1556 3422; x_wconf 73' lang='grc' dir='ltr'>ὄμφακα,</span> <span class='ocrx_word' id='word_1_383' title='bbox 1582 3353 1671 3404; x_wconf 71' lang='grc' dir='ltr'>καὶ</span> <span class='ocrx_word' id='word_1_384' title='bbox 1695 3354 1744 3404; x_wconf 82' lang='grc' dir='ltr'><strong>οἰ</strong></span> 
     </span>
    </p>
   </div>
   <div class='ocr_carea' id='block_1_62' title="bbox 203 3441 1745 3513">
    <p class='ocr_par' dir='ltr' id='par_1_62' title="bbox 203 3441 1745 3513">
     <span class='ocr_line' id='line_1_62' title="bbox 203 3441 1745 3513; baseline -0.003 -14"><span class='ocrx_word' id='word_1_385' title='bbox 203 3445 423 3507; x_wconf 74' lang='grc' dir='ltr'>ὀδόντες</span> <span class='ocrx_word' id='word_1_386' title='bbox 447 3441 553 3494; x_wconf 84' lang='grc' dir='ltr'>τῶν</span> <span class='ocrx_word' id='word_1_387' title='bbox 584 3443 784 3495; x_wconf 85' lang='grc' dir='ltr'>τέκνων</span> <span class='ocrx_word' id='word_1_388' title='bbox 814 3443 1131 3512; x_wconf 84' lang='grc' dir='ltr'>ὲμωδίασαν.</span> <span class='ocrx_word' id='word_1_389' title='bbox 1174 3444 1278 3496; x_wconf 74' lang='grc' dir='ltr'><strong>Καὶ</strong></span> <span class='ocrx_word' id='word_1_390' title='bbox 1305 3446 1412 3505; x_wconf 86' lang='grc' dir='ltr'>τοῖς</span> <span class='ocrx_word' id='word_1_391' title='bbox 1454 3446 1585 3506; x_wconf 86' lang='grc' dir='ltr'><strong>υἰοίς</strong></span> <span class='ocrx_word' id='word_1_392' title='bbox 1618 3445 1745 3513; x_wconf 78' lang='grc' dir='ltr'><strong>Ἀμ-</strong></span> 
     </span>
    </p>
   </div>
   <div class='ocr_carea' id='block_1_63' title="bbox 210 3531 1747 3606">
    <p class='ocr_par' dir='ltr' id='par_1_63' title="bbox 210 3531 1747 3606">
     <span class='ocr_line' id='line_1_63' title="bbox 210 3531 1747 3606; baseline -0.002 -19"><span class='ocrx_word' id='word_1_393' title='bbox 210 3534 354 3606; x_wconf 86' lang='grc' dir='ltr'>μὼν,</span> <span class='ocrx_word' id='word_1_394' title='bbox 387 3532 485 3585; x_wconf 74' lang='grc' dir='ltr'>καὶ</span> <span class='ocrx_word' id='word_1_395' title='bbox 523 3533 647 3603; x_wconf 75' lang='grc' dir='ltr'>περὶ</span> <span class='ocrx_word' id='word_1_396' title='bbox 676 3533 771 3601; x_wconf 82' lang='grc' dir='ltr'>τῆς</span> <span class='ocrx_word' id='word_1_397' title='bbox 808 3532 1007 3594; x_wconf 82' lang='grc' dir='ltr'>Ὀολᾶς,</span> <span class='ocrx_word' id='word_1_398' title='bbox 1030 3532 1120 3584; x_wconf 79' lang='grc' dir='ltr'><strong>καὶ</strong></span> <span class='ocrx_word' id='word_1_399' title='bbox 1144 3532 1239 3600; x_wconf 82' lang='grc' dir='ltr'>τῆς</span> <span class='ocrx_word' id='word_1_400' title='bbox 1276 3532 1502 3596; x_wconf 80' lang='grc' dir='ltr'>Ὀλιϐᾶς.</span> <span class='ocrx_word' id='word_1_401' title='bbox 1527 3534 1633 3585; x_wconf 71' lang='grc' dir='ltr'><strong>Καὶ</strong></span> <span class='ocrx_word' id='word_1_402' title='bbox 1656 3531 1747 3584; x_wconf 76' lang='grc' dir='ltr'><strong>ἐπὶ</strong></span> 
     </span>
    </p>
   </div>
   <div class='ocr_carea' id='block_1_64' title="bbox 209 3620 1746 3694">
    <p class='ocr_par' dir='ltr' id='par_1_64' title="bbox 209 3620 1746 3694">
     <span class='ocr_line' id='line_1_64' title="bbox 209 3620 1746 3694; baseline -0.003 -17"><span class='ocrx_word' id='word_1_403' title='bbox 209 3624 354 3694; x_wconf 78' lang='grc' dir='ltr'>Σοὺρ</span> <span class='ocrx_word' id='word_1_404' title='bbox 378 3622 594 3692; x_wconf 85' lang='grc' dir='ltr'>θρῆνον,</span> <span class='ocrx_word' id='word_1_405' title='bbox 623 3622 714 3673; x_wconf 83' lang='grc' dir='ltr'>καὶ</span> <span class='ocrx_word' id='word_1_406' title='bbox 735 3621 825 3673; x_wconf 76' lang='grc' dir='ltr'><strong>ἐπὶ</strong></span> <span class='ocrx_word' id='word_1_407' title='bbox 853 3620 1068 3684; x_wconf 82' lang='grc' dir='ltr'>Σιδῶνα,</span> <span class='ocrx_word' id='word_1_408' title='bbox 1106 3621 1197 3673; x_wconf 69' lang='grc' dir='ltr'><strong>καί⁵</strong></span> <span class='ocrx_word' id='word_1_409' title='bbox 1222 3622 1344 3691; x_wconf 83' lang='grc' dir='ltr'><strong>περί</strong></span> <span class='ocrx_word' id='word_1_410' title='bbox 1389 3621 1596 3691; x_wconf 80' lang='grc' dir='ltr'>ἡμέρας</span> <span class='ocrx_word' id='word_1_411' title='bbox 1638 3623 1746 3674; x_wconf 82' lang='grc' dir='ltr'><strong>Κυ-</strong></span> 
     </span>
    </p>
   </div>
   <div class='ocr_carea' id='block_1_65' title="bbox 213 3710 1748 3789">
    <p class='ocr_par' dir='ltr' id='par_1_65' title="bbox 213 3710 1748 3789">
     <span class='ocr_line' id='line_1_65' title="bbox 213 3710 1748 3789; baseline -0.001 -22"><span class='ocrx_word' id='word_1_412' title='bbox 213 3715 353 3789; x_wconf 89' lang='grc' dir='ltr'>ρίου,</span> <span class='ocrx_word' id='word_1_413' title='bbox 390 3712 486 3765; x_wconf 81' lang='grc' dir='ltr'>καὶ</span> <span class='ocrx_word' id='word_1_414' title='bbox 534 3710 607 3781; x_wconf 85' lang='grc' dir='ltr'>τῷ</span> <span class='ocrx_word' id='word_1_415' title='bbox 637 3710 827 3781; x_wconf 83' lang='grc' dir='ltr'>Φαραὼ</span> <span class='ocrx_word' id='word_1_416' title='bbox 858 3711 1060 3781; x_wconf 85' lang='grc' dir='ltr'>βασιλεί</span> <span class='ocrx_word' id='word_1_417' title='bbox 1085 3712 1349 3779; x_wconf 79' lang='grc' dir='ltr'>Αἰγύπτου</span> <span class='ocrx_word' id='word_1_418' title='bbox 1377 3751 1391 3776; x_wconf 95' lang='grc'><strong>,</strong></span> <span class='ocrx_word' id='word_1_419' title='bbox 1439 3713 1530 3764; x_wconf 69' lang='grc' dir='ltr'>καὶ</span> <span class='ocrx_word' id='word_1_420' title='bbox 1561 3712 1748 3783; x_wconf 77' lang='grc' dir='ltr'>θρῆνον</span> 
     </span>
    </p>
   </div>
   <div class='ocr_carea' id='block_1_66' title="bbox 214 3799 1741 3873">
    <p class='ocr_par' dir='ltr' id='par_1_66' title="bbox 214 3799 1741 3873">
     <span class='ocr_line' id='line_1_66' title="bbox 214 3799 1741 3873; baseline -0.002 -17"><span class='ocrx_word' id='word_1_421' title='bbox 214 3805 305 3856; x_wconf 75' lang='grc' dir='ltr'><strong>ἐπὶ</strong></span> <span class='ocrx_word' id='word_1_422' title='bbox 360 3799 580 3871; x_wconf 74' lang='grc' dir='ltr'>Φαραὼ,</span> <span class='ocrx_word' id='word_1_423' title='bbox 616 3801 704 3853; x_wconf 78' lang='grc' dir='ltr'>καὶ</span> <span class='ocrx_word' id='word_1_424' title='bbox 729 3801 823 3871; x_wconf 87' lang='grc' dir='ltr'><strong>τὴν</strong></span> <span class='ocrx_word' id='word_1_425' title='bbox 859 3800 1140 3870; x_wconf 78' lang='grc' dir='ltr'>Αἴγυπτον,</span> <span class='ocrx_word' id='word_1_426' title='bbox 1167 3802 1260 3853; x_wconf 75' lang='grc' dir='ltr'>καὶ</span> <span class='ocrx_word' id='word_1_427' title='bbox 1282 3800 1373 3853; x_wconf 75' lang='grc' dir='ltr'><strong>ἐπὶ</strong></span> <span class='ocrx_word' id='word_1_428' title='bbox 1406 3801 1527 3871; x_wconf 79' lang='grc' dir='ltr'>ὅρος</span> <span class='ocrx_word' id='word_1_429' title='bbox 1557 3802 1741 3873; x_wconf 78' lang='grc' dir='ltr'>Σηείρ,</span> 
     </span>
    </p>
   </div>
   <div class='ocr_carea' id='block_1_67' title="bbox 216 3889 1745 3963">
    <p class='ocr_par' dir='ltr' id='par_1_67' title="bbox 216 3889 1745 3963">
     <span class='ocr_line' id='line_1_67' title="bbox 216 3889 1745 3963; baseline -0.003 -18"><span class='ocrx_word' id='word_1_430' title='bbox 216 3894 308 3945; x_wconf 75' lang='grc' dir='ltr'>καὶ</span> <span class='ocrx_word' id='word_1_431' title='bbox 329 3890 581 3961; x_wconf 76' lang='grc' dir='ltr'>περὶτῶν</span> <span class='ocrx_word' id='word_1_432' title='bbox 612 3889 805 3942; x_wconf 82' lang='grc' dir='ltr'>ὀστέων</span> <span class='ocrx_word' id='word_1_433' title='bbox 831 3889 935 3942; x_wconf 85' lang='grc' dir='ltr'><strong>τῶν</strong></span> <span class='ocrx_word' id='word_1_434' title='bbox 955 3889 1350 3963; x_wconf 74' lang='grc' dir='ltr'>ἀναζησὰντων,</span> <span class='ocrx_word' id='word_1_435' title='bbox 1380 3891 1472 3943; x_wconf 73' lang='grc' dir='ltr'>καὶ</span> <span class='ocrx_word' id='word_1_436' title='bbox 1492 3891 1584 3942; x_wconf 77' lang='grc' dir='ltr'><strong>ἐπὶ</strong></span> <span class='ocrx_word' id='word_1_437' title='bbox 1608 3890 1745 3959; x_wconf 85' lang='grc' dir='ltr'>Γὼγ,</span> 
     </span>
    </p>
   </div>
   <div class='ocr_carea' id='block_1_68' title="bbox 216 3978 1749 4051">
    <p class='ocr_par' dir='ltr' id='par_1_68' title="bbox 216 3978 1749 4051">
     <span class='ocr_line' id='line_1_68' title="bbox 216 3978 1749 4051; baseline 0 -18"><span class='ocrx_word' id='word_1_438' title='bbox 216 3982 312 4033; x_wconf 66' lang='grc' dir='ltr'>καὶ</span> <span class='ocrx_word' id='word_1_439' title='bbox 361 3980 459 4049; x_wconf 82' lang='grc' dir='ltr'><strong>τὴν</strong></span> <span class='ocrx_word' id='word_1_440' title='bbox 503 3981 603 4046; x_wconf 81' lang='grc' dir='ltr'>γῆν</span> <span class='ocrx_word' id='word_1_441' title='bbox 640 3978 729 4031; x_wconf 89' lang='grc' dir='ltr'><strong>τοῦ</strong></span> <span class='ocrx_word' id='word_1_442' title='bbox 758 3978 995 4047; x_wconf 84' lang='grc' dir='ltr'>Μαγώγ·</span> <span class='ocrx_word' id='word_1_443' title='bbox 1026 3978 1102 4049; x_wconf 82' lang='grc' dir='ltr'>τῷ</span> <span class='ocrx_word' id='word_1_444' title='bbox 1125 3997 1182 4032; x_wconf 91' lang='grc' dir='ltr'><strong>τε</strong></span> <span class='ocrx_word' id='word_1_445' title='bbox 1203 3980 1415 4051; x_wconf 84' lang='grc' dir='ltr'>ἄρχοντι</span> <span class='ocrx_word' id='word_1_446' title='bbox 1450 3980 1621 4051; x_wconf 85' lang='grc' dir='ltr'>Τύρου</span> <span class='ocrx_word' id='word_1_447' title='bbox 1657 3983 1749 4033; x_wconf 76' lang='grc' dir='ltr'><strong>καὶ</strong></span> 
     </span>
    </p>
   </div>
   <div class='ocr_carea' id='block_1_69' title="bbox 218 4068 1748 4141">
    <p class='ocr_par' dir='ltr' id='par_1_69' title="bbox 218 4068 1748 4141">
     <span class='ocr_line' id='line_1_69' title="bbox 218 4068 1748 4141; baseline 0.001 -18"><span class='ocrx_word' id='word_1_448' title='bbox 218 4071 417 4141; x_wconf 80' lang='grc' dir='ltr'>θρῆνον</span> <span class='ocrx_word' id='word_1_449' title='bbox 473 4069 590 4122; x_wconf 80' lang='grc' dir='ltr'>κατ’</span> <span class='ocrx_word' id='word_1_450' title='bbox 630 4068 811 4133; x_wconf 76' lang='grc' dir='ltr'>αὑτοῦ,</span> <span class='ocrx_word' id='word_1_451' title='bbox 848 4071 940 4122; x_wconf 73' lang='grc' dir='ltr'>καὶ</span> <span class='ocrx_word' id='word_1_452' title='bbox 985 4073 1091 4132; x_wconf 89' lang='grc' dir='ltr'>τοῖς</span> <span class='ocrx_word' id='word_1_453' title='bbox 1137 4072 1266 4133; x_wconf 89' lang='grc' dir='ltr'>υἰοῖς</span> <span class='ocrx_word' id='word_1_454' title='bbox 1295 4069 1383 4123; x_wconf 87' lang='grc' dir='ltr'><strong>τοῦ</strong></span> <span class='ocrx_word' id='word_1_455' title='bbox 1411 4070 1537 4123; x_wconf 88' lang='grc' dir='ltr'>λαοῦ</span> <span class='ocrx_word' id='word_1_456' title='bbox 1569 4070 1748 4136; x_wconf 85' lang='grc' dir='ltr'>αὑτοῦ,</span> 
     </span>
    </p>
   </div>
   <div class='ocr_carea' id='block_1_70' title="bbox 218 4159 1752 4230">
    <p class='ocr_par' dir='ltr' id='par_1_70' title="bbox 218 4159 1752 4230">
     <span class='ocr_line' id='line_1_70' title="bbox 218 4159 1752 4230; baseline 0.001 -18"><span class='ocrx_word' id='word_1_457' title='bbox 218 4161 316 4217; x_wconf 76' lang='grc' dir='ltr'>καὶ</span> <span class='ocrx_word' id='word_1_458' title='bbox 374 4160 468 4211; x_wconf 78' lang='grc' dir='ltr'><strong>ἐπὶ</strong></span> <span class='ocrx_word' id='word_1_459' title='bbox 523 4160 645 4221; x_wconf 80' lang='grc' dir='ltr'>τοὺς</span> <span class='ocrx_word' id='word_1_460' title='bbox 694 4159 951 4228; x_wconf 84' lang='grc' dir='ltr'>ποιμένας</span> <span class='ocrx_word' id='word_1_461' title='bbox 980 4159 1069 4213; x_wconf 90' lang='grc' dir='ltr'><strong>τοῦ</strong></span> <span class='ocrx_word' id='word_1_462' title='bbox 1105 4160 1340 4230; x_wconf 79' lang='grc' dir='ltr'>Ἰσραήλ’</span> <span class='ocrx_word' id='word_1_463' title='bbox 1382 4162 1473 4214; x_wconf 74' lang='grc' dir='ltr'>καὶ</span> <span class='ocrx_word' id='word_1_464' title='bbox 1495 4162 1555 4214; x_wconf 81' lang='grc' dir='ltr'>τὸ</span> <span class='ocrx_word' id='word_1_465' title='bbox 1574 4162 1752 4214; x_wconf 89' lang='grc' dir='ltr'>τελευ-</span> 
     </span>
    </p>
   </div>
   <div class='ocr_carea' id='block_1_71' title="bbox 217 4248 1753 4322">
    <p class='ocr_par' dir='ltr' id='par_1_71' title="bbox 217 4248 1753 4322">
     <span class='ocr_line' id='line_1_71' title="bbox 217 4248 1753 4322; baseline -0.002 -18"><span class='ocrx_word' id='word_1_466' title='bbox 217 4253 368 4304; x_wconf 86' lang='grc' dir='ltr'>ταῖον</span> <span class='ocrx_word' id='word_1_467' title='bbox 396 4250 498 4319; x_wconf 83' lang='grc' dir='ltr'><strong>τὴν</strong></span> <span class='ocrx_word' id='word_1_468' title='bbox 546 4248 822 4319; x_wconf 80' lang='grc' dir='ltr'>οἰκοδομὴν</span> <span class='ocrx_word' id='word_1_469' title='bbox 861 4248 953 4301; x_wconf 87' lang='grc' dir='ltr'><strong>τοῦ</strong></span> <span class='ocrx_word' id='word_1_470' title='bbox 982 4248 1127 4314; x_wconf 82' lang='grc' dir='ltr'>ναοῦ,</span> <span class='ocrx_word' id='word_1_471' title='bbox 1161 4250 1253 4302; x_wconf 75' lang='grc' dir='ltr'>καὶ</span> <span class='ocrx_word' id='word_1_472' title='bbox 1280 4249 1376 4319; x_wconf 84' lang='grc' dir='ltr'>τῆς</span> <span class='ocrx_word' id='word_1_473' title='bbox 1409 4250 1753 4322; x_wconf 79' lang='grc' dir='ltr'>Ἰερουσαλὴμ</span> 
     </span>
    </p>
   </div>
   <div class='ocr_carea' id='block_1_72' title="bbox 218 4338 898 4412">
    <p class='ocr_par' dir='ltr' id='par_1_72' title="bbox 218 4338 898 4412">
     <span class='ocr_line' id='line_1_72' title="bbox 218 4338 898 4412; baseline -0.009 -16"><span class='ocrx_word' id='word_1_474' title='bbox 218 4340 535 4412; x_wconf 81' lang='grc' dir='ltr'>διαγράφων</span> <span class='ocrx_word' id='word_1_475' title='bbox 559 4338 898 4408; x_wconf 82' lang='grc' dir='ltr'>προφητεύει.</span> 
     </span>
    </p>
   </div>
   <div class='ocr_carea' id='block_1_73' title="bbox 613 4427 1338 4497">
    <p class='ocr_par' dir='ltr' id='par_1_73' title="bbox 613 4427 1338 4497">
     <span class='ocr_line' id='line_1_73' title="bbox 613 4427 1338 4497; baseline 0.004 -18"><span class='ocrx_word' id='word_1_476' title='bbox 613 4427 713 4480; x_wconf 82' lang='grc' dir='ltr'><strong>Διὰ</strong></span> <span class='ocrx_word' id='word_1_477' title='bbox 744 4428 799 4480; x_wconf 84' lang='grc' dir='ltr'><strong>τι</strong></span> <span class='ocrx_word' id='word_1_478' title='bbox 825 4427 1016 4497; x_wconf 87' lang='grc' dir='ltr'>Δανιὴλ</span> <span class='ocrx_word' id='word_1_479' title='bbox 1048 4429 1338 4492; x_wconf 71' lang='grc' dir='ltr'>καλεῖται;</span> 
     </span>
    </p>
   </div>
   <div class='ocr_carea' id='block_1_74' title="bbox 304 4516 1755 4588">
    <p class='ocr_par' dir='ltr' id='par_1_74' title="bbox 304 4516 1755 4588">
     <span class='ocr_line' id='line_1_74' title="bbox 304 4516 1755 4588; baseline 0.001 -16"><span class='ocrx_word' id='word_1_480' title='bbox 304 4517 524 4587; x_wconf 81' lang='grc' dir='ltr'>Ἐπειδὴ</span> <span class='ocrx_word' id='word_1_481' title='bbox 552 4517 642 4569; x_wconf 80' lang='grc' dir='ltr'>καὶ</span> <span class='ocrx_word' id='word_1_482' title='bbox 669 4516 825 4578; x_wconf 80' lang='grc' dir='ltr'>αὐτὸς</span> <span class='ocrx_word' id='word_1_483' title='bbox 850 4518 906 4568; x_wconf 79' lang='grc' dir='ltr'>ἐν</span> <span class='ocrx_word' id='word_1_484' title='bbox 928 4520 991 4586; x_wconf 81' lang='grc' dir='ltr'>τῇ</span> <span class='ocrx_word' id='word_1_485' title='bbox 1017 4518 1351 4587; x_wconf 79' lang='grc' dir='ltr'>αἰχμαλωσίᾳ</span> <span class='ocrx_word' id='word_1_486' title='bbox 1378 4519 1626 4588; x_wconf 86' lang='grc' dir='ltr'>γεγονὼς,</span> <span class='ocrx_word' id='word_1_487' title='bbox 1653 4521 1755 4584; x_wconf 75' lang='grc' dir='ltr'>ἕως</span> 
     </span>
    </p>
   </div>
   <div class='ocr_carea' id='block_1_75' title="bbox 224 4601 1757 4675">
    <p class='ocr_par' dir='ltr' id='par_1_75' title="bbox 224 4601 1757 4675">
     <span class='ocr_line' id='line_1_75' title="bbox 224 4601 1757 4675; baseline 0.001 -18"><span class='ocrx_word' id='word_1_488' title='bbox 224 4606 315 4658; x_wconf 72' lang='grc' dir='ltr'><strong>τοῦ</strong></span> <span class='ocrx_word' id='word_1_489' title='bbox 343 4605 605 4675; x_wconf 85' lang='grc' dir='ltr'>βασιλέως</span> <span class='ocrx_word' id='word_1_490' title='bbox 652 4601 830 4671; x_wconf 82' lang='grc' dir='ltr'>Κύρου</span> <span class='ocrx_word' id='word_1_491' title='bbox 856 4602 947 4653; x_wconf 85' lang='grc' dir='ltr'><strong>τοῦ</strong></span> <span class='ocrx_word' id='word_1_492' title='bbox 979 4602 1204 4672; x_wconf 83' lang='grc' dir='ltr'>Πέρσου,</span> <span class='ocrx_word' id='word_1_493' title='bbox 1243 4603 1311 4654; x_wconf 86' lang='grc' dir='ltr'><strong>τά</strong></span> <span class='ocrx_word' id='word_1_494' title='bbox 1343 4604 1437 4672; x_wconf 82' lang='grc' dir='ltr'>μὲν</span> <span class='ocrx_word' id='word_1_495' title='bbox 1468 4604 1605 4658; x_wconf 82' lang='grc' dir='ltr'>κατὰ</span> <span class='ocrx_word' id='word_1_496' title='bbox 1633 4606 1757 4657; x_wconf 87' lang='grc' dir='ltr'>Σου-</span> 
     </span>
    </p>
   </div>
   <div class='ocr_carea' id='block_1_76' title="bbox 227 4689 1758 4765">
    <p class='ocr_par' dir='ltr' id='par_1_76' title="bbox 227 4689 1758 4765">
     <span class='ocr_line' id='line_1_76' title="bbox 227 4689 1758 4765; baseline 0 -19"><span class='ocrx_word' id='word_1_497' title='bbox 227 4694 424 4746; x_wconf 79' lang='grc' dir='ltr'>σάνναν</span> <span class='ocrx_word' id='word_1_498' title='bbox 475 4692 645 4762; x_wconf 82' lang='grc' dir='ltr'>κρίνει</span> <span class='ocrx_word' id='word_1_499' title='bbox 674 4689 855 4754; x_wconf 74' lang='grc' dir='ltr'>αὐτὸς,</span> <span class='ocrx_word' id='word_1_500' title='bbox 900 4693 992 4744; x_wconf 72' lang='grc' dir='ltr'><strong>καὶ</strong></span> <span class='ocrx_word' id='word_1_501' title='bbox 1028 4692 1332 4761; x_wconf 87' lang='grc' dir='ltr'>κατακρίνει</span> <span class='ocrx_word' id='word_1_502' title='bbox 1368 4695 1491 4757; x_wconf 78' lang='grc' dir='ltr'>τοὺς</span> <span class='ocrx_word' id='word_1_503' title='bbox 1528 4695 1758 4765; x_wconf 86' lang='grc' dir='ltr'>πρεσϐυ-</span> 
     </span>
    </p>
   </div>
   <div class='ocr_carea' id='block_1_77' title="bbox 227 4780 1757 4855">
    <p class='ocr_par' dir='ltr' id='par_1_77' title="bbox 227 4780 1757 4855">
     <span class='ocr_line' id='line_1_77' title="bbox 227 4780 1757 4855; baseline -0.001 -19"><span class='ocrx_word' id='word_1_504' title='bbox 227 4785 416 4855; x_wconf 83' lang='grc' dir='ltr'>τέρους</span> <span class='ocrx_word' id='word_1_505' title='bbox 445 4783 518 4845; x_wconf 83' lang='grc' dir='ltr'>ὡς</span> <span class='ocrx_word' id='word_1_506' title='bbox 567 4782 895 4849; x_wconf 77' lang='grc' dir='ltr'>συκοφάντας</span> <span class='ocrx_word' id='word_1_507' title='bbox 918 4797 933 4812; x_wconf 74' lang='grc' dir='ltr'><strong><em>ο</em></strong></span> <span class='ocrx_word' id='word_1_508' title='bbox 965 4780 1030 4833; x_wconf 80' lang='grc' dir='ltr'><strong>τὰ</strong></span> <span class='ocrx_word' id='word_1_509' title='bbox 1058 4780 1112 4832; x_wconf 77' lang='grc' dir='ltr'>δὲ</span> <span class='ocrx_word' id='word_1_510' title='bbox 1148 4780 1237 4831; x_wconf 84' lang='grc' dir='ltr'><strong>τοῦ</strong></span> <span class='ocrx_word' id='word_1_511' title='bbox 1266 4780 1518 4849; x_wconf 86' lang='grc' dir='ltr'>βασιλέως</span> <span class='ocrx_word' id='word_1_512' title='bbox 1541 4783 1757 4835; x_wconf 82' lang='grc' dir='ltr'>ἐνύπνια</span> 
     </span>
    </p>
   </div>
   <div class='ocr_carea' id='block_1_78' title="bbox 228 4850 1759 4938">
    <p class='ocr_par' dir='ltr' id='par_1_78' title="bbox 228 4850 1759 4938">
     <span class='ocr_line' id='line_1_78' title="bbox 228 4850 1759 4938; baseline -0.001 -13"><span class='ocrx_word' id='word_1_513' title='bbox 228 4850 389 4935; x_wconf 75' lang='grc' dir='ltr'>αὐτὸς</span> <span class='ocrx_word' id='word_1_514' title='bbox 439 4870 761 4938; x_wconf 81' lang='grc' dir='ltr'>ἀπαγγέλλει</span> <span class='ocrx_word' id='word_1_515' title='bbox 790 4887 847 4922; x_wconf 91' lang='grc' dir='ltr'><strong>τε</strong></span> <span class='ocrx_word' id='word_1_516' title='bbox 889 4870 979 4922; x_wconf 77' lang='grc' dir='ltr'><strong>καὶ</strong></span> <span class='ocrx_word' id='word_1_517' title='bbox 1022 4869 1300 4938; x_wconf 85' lang='grc' dir='ltr'>ὲρμηνεύει</span> <span class='ocrx_word' id='word_1_518' title='bbox 1323 4887 1335 4898; x_wconf 92' lang='grc'><strong>·</strong></span> <span class='ocrx_word' id='word_1_519' title='bbox 1372 4870 1550 4938; x_wconf 78' lang='grc' dir='ltr'>βλέπει</span> <span class='ocrx_word' id='word_1_520' title='bbox 1584 4850 1759 4925; x_wconf 75' lang='grc' dir='ltr'>δὲκαὶ</span> 
     </span>
    </p>
   </div>
   <div class='ocr_carea' id='block_1_79' title="bbox 229 4958 1760 5035">
    <p class='ocr_par' dir='ltr' id='par_1_79' title="bbox 229 4958 1760 5035">
     <span class='ocr_line' id='line_1_79' title="bbox 229 4958 1760 5035; baseline -0.001 -20"><span class='ocrx_word' id='word_1_521' title='bbox 229 4963 445 5035; x_wconf 82' lang='grc' dir='ltr'>ὁράσεις</span> <span class='ocrx_word' id='word_1_522' title='bbox 472 4961 709 5023; x_wconf 89' lang='grc' dir='ltr'>τελείας·</span> <span class='ocrx_word' id='word_1_523' title='bbox 742 4961 867 5032; x_wconf 75' lang='grc' dir='ltr'>περὶ</span> <span class='ocrx_word' id='word_1_524' title='bbox 913 4959 1006 5029; x_wconf 79' lang='grc' dir='ltr'>μὲν</span> <span class='ocrx_word' id='word_1_525' title='bbox 1042 4959 1147 5010; x_wconf 82' lang='grc' dir='ltr'>τῶν</span> <span class='ocrx_word' id='word_1_526' title='bbox 1182 4958 1456 5027; x_wconf 83' lang='grc' dir='ltr'>βασιλειῶν</span> <span class='ocrx_word' id='word_1_527' title='bbox 1497 4960 1606 5023; x_wconf 91' lang='grc' dir='ltr'>δύο,</span> <span class='ocrx_word' id='word_1_528' title='bbox 1638 4963 1760 5032; x_wconf 74' lang='grc' dir='ltr'><strong>περί</strong></span> 
     </span>
    </p>
   </div>
   <div class='ocr_carea' id='block_1_80' title="bbox 228 5048 1759 5122">
    <p class='ocr_par' dir='ltr' id='par_1_80' title="bbox 228 5048 1759 5122">
     <span class='ocr_line' id='line_1_80' title="bbox 228 5048 1759 5122; baseline -0.002 -16"><span class='ocrx_word' id='word_1_529' title='bbox 228 5054 285 5106; x_wconf 71' lang='grc' dir='ltr'>δὲ</span> <span class='ocrx_word' id='word_1_530' title='bbox 330 5053 432 5122; x_wconf 81' lang='grc' dir='ltr'>τῆς</span> <span class='ocrx_word' id='word_1_531' title='bbox 480 5050 573 5104; x_wconf 88' lang='grc' dir='ltr'><strong>τοῦ</strong></span> <span class='ocrx_word' id='word_1_532' title='bbox 606 5051 851 5121; x_wconf 84' lang='grc' dir='ltr'>Σωτῆρος</span> <span class='ocrx_word' id='word_1_533' title='bbox 892 5048 1202 5119; x_wconf 82' lang='grc' dir='ltr'>παρουσίας,</span> <span class='ocrx_word' id='word_1_534' title='bbox 1245 5049 1337 5101; x_wconf 70' lang='grc' dir='ltr'>καὶ</span> <span class='ocrx_word' id='word_1_535' title='bbox 1381 5051 1759 5114; x_wconf 86' lang='grc' dir='ltr'>καταπαύσεως</span> 
     </span>
    </p>
   </div>
   <div class='ocr_carea' id='block_1_81' title="bbox 231 5140 1762 5213">
    <p class='ocr_par' dir='ltr' id='par_1_81' title="bbox 231 5140 1762 5213">
     <span class='ocr_line' id='line_1_81' title="bbox 231 5140 1762 5213; baseline -0.001 -17"><span class='ocrx_word' id='word_1_536' title='bbox 231 5143 329 5213; x_wconf 74' lang='grc' dir='ltr'>τῆς</span> <span class='ocrx_word' id='word_1_537' title='bbox 383 5140 746 5212; x_wconf 81' lang='grc' dir='ltr'>Ἰερουσαλὴμ,</span> <span class='ocrx_word' id='word_1_538' title='bbox 798 5141 1015 5211; x_wconf 76' lang='grc' dir='ltr'>καὶτῆς</span> <span class='ocrx_word' id='word_1_539' title='bbox 1072 5141 1426 5209; x_wconf 80' lang='grc' dir='ltr'>Ἀντιχρίστου</span> <span class='ocrx_word' id='word_1_540' title='bbox 1475 5142 1762 5211; x_wconf 81' lang='grc' dir='ltr'>παρουσίας</span> 
     </span>
    </p>
   </div>
   <div class='ocr_carea' id='block_1_82' title="bbox 232 5232 1759 5307">
    <p class='ocr_par' dir='ltr' id='par_1_82' title="bbox 232 5232 1759 5307">
     <span class='ocr_line' id='line_1_82' title="bbox 232 5232 1759 5307; baseline -0.005 -15"><span class='ocrx_word' id='word_1_541' title='bbox 232 5239 343 5292; x_wconf 83' lang='grc' dir='ltr'>δύο.</span> <span class='ocrx_word' id='word_1_542' title='bbox 396 5238 666 5307; x_wconf 84' lang='grc' dir='ltr'>Διηγεῖται</span> <span class='ocrx_word' id='word_1_543' title='bbox 715 5235 767 5287; x_wconf 84' lang='grc' dir='ltr'>δὲ</span> <span class='ocrx_word' id='word_1_544' title='bbox 798 5235 919 5303; x_wconf 86' lang='grc' dir='ltr'><strong>περί</strong></span> <span class='ocrx_word' id='word_1_545' title='bbox 964 5234 1254 5306; x_wconf 85' lang='grc' dir='ltr'>μαρτυρίου</span> <span class='ocrx_word' id='word_1_546' title='bbox 1291 5232 1509 5303; x_wconf 85' lang='grc' dir='ltr'>Σεδράχ,</span> <span class='ocrx_word' id='word_1_547' title='bbox 1548 5234 1759 5303; x_wconf 85' lang='grc' dir='ltr'>Μησὰχ,</span> 
     </span>
    </p>
   </div>
   <div class='ocr_carea' id='block_1_83' title="bbox 248 5323 1762 5395">
    <p class='ocr_par' dir='ltr' id='par_1_83' title="bbox 248 5323 1762 5395">
     <span class='ocr_line' id='line_1_83' title="bbox 248 5323 1762 5395; baseline -0.007 -14"><span class='ocrx_word' id='word_1_548' title='bbox 248 5325 572 5395; x_wconf 69' lang='grc' dir='ltr'>Ἀϐδεναγώ,</span> <span class='ocrx_word' id='word_1_549' title='bbox 619 5325 709 5378; x_wconf 82' lang='grc' dir='ltr'><strong>καί</strong></span> <span class='ocrx_word' id='word_1_550' title='bbox 747 5323 852 5375; x_wconf 85' lang='grc' dir='ltr'><strong>τῶν</strong></span> <span class='ocrx_word' id='word_1_551' title='bbox 898 5324 1075 5394; x_wconf 82' lang='grc' dir='ltr'>ὓμνων</span> <span class='ocrx_word' id='word_1_552' title='bbox 1103 5324 1275 5377; x_wconf 77' lang='grc' dir='ltr'>αὐτῶν</span> <span class='ocrx_word' id='word_1_553' title='bbox 1295 5342 1312 5356; x_wconf 85' lang='grc'><strong>·</strong></span> <span class='ocrx_word' id='word_1_554' title='bbox 1354 5325 1445 5375; x_wconf 76' lang='grc' dir='ltr'>καὶ</span> <span class='ocrx_word' id='word_1_555' title='bbox 1500 5325 1578 5376; x_wconf 82' lang='grc' dir='ltr'>ὅτι</span> <span class='ocrx_word' id='word_1_556' title='bbox 1616 5325 1762 5379; x_wconf 73' lang='grc' dir='ltr'>αὐτοὶ</span> 
     </span>
    </p>
   </div>
   <div class='ocr_carea' id='block_1_84' title="bbox 240 5414 1763 5487">
    <p class='ocr_par' dir='ltr' id='par_1_84' title="bbox 240 5414 1763 5487">
     <span class='ocr_line' id='line_1_84' title="bbox 240 5414 1763 5487; baseline 0.001 -19"><span class='ocrx_word' id='word_1_557' title='bbox 240 5418 336 5487; x_wconf 76' lang='grc' dir='ltr'>μὲν</span> <span class='ocrx_word' id='word_1_558' title='bbox 378 5415 726 5485; x_wconf 83' lang='grc' dir='ltr'>διεσώθησαν,</span> <span class='ocrx_word' id='word_1_559' title='bbox 768 5416 815 5466; x_wconf 88' lang='grc' dir='ltr'><strong>οί</strong></span> <span class='ocrx_word' id='word_1_560' title='bbox 858 5414 912 5465; x_wconf 84' lang='grc' dir='ltr'>δὲ</span> <span class='ocrx_word' id='word_1_561' title='bbox 951 5414 1290 5476; x_wconf 82' lang='grc' dir='ltr'>ὑποκαίοντες</span> <span class='ocrx_word' id='word_1_562' title='bbox 1316 5414 1763 5483; x_wconf 79' lang='grc' dir='ltr'>κατεφλέχθησαν.</span> 
     </span>
    </p>
   </div>
   <div class='ocr_carea' id='block_1_85' title="bbox 239 5499 1765 5574">
    <p class='ocr_par' dir='ltr' id='par_1_85' title="bbox 239 5499 1765 5574">
     <span class='ocr_line' id='line_1_85' title="bbox 239 5499 1765 5574; baseline -0.002 -17"><span class='ocrx_word' id='word_1_563' title='bbox 239 5505 332 5560; x_wconf 75' lang='grc' dir='ltr'>καὶ</span> <span class='ocrx_word' id='word_1_564' title='bbox 396 5504 635 5574; x_wconf 86' lang='grc' dir='ltr'>μετέγνω</span> <span class='ocrx_word' id='word_1_565' title='bbox 668 5500 907 5569; x_wconf 75' lang='grc' dir='ltr'>βασιλεύς</span> <span class='ocrx_word' id='word_1_566' title='bbox 927 5518 939 5530; x_wconf 87' lang='grc'><strong>·</strong></span> <span class='ocrx_word' id='word_1_567' title='bbox 974 5503 1065 5553; x_wconf 73' lang='grc' dir='ltr'>καὶ</span> <span class='ocrx_word' id='word_1_568' title='bbox 1109 5502 1188 5553; x_wconf 86' lang='grc' dir='ltr'><strong>δτι</strong></span> <span class='ocrx_word' id='word_1_569' title='bbox 1223 5500 1383 5562; x_wconf 72' lang='grc' dir='ltr'>αὐτὸς</span> <span class='ocrx_word' id='word_1_570' title='bbox 1412 5499 1656 5570; x_wconf 78' lang='grc' dir='ltr'>διεϐλήθη</span> <span class='ocrx_word' id='word_1_571' title='bbox 1686 5506 1765 5565; x_wconf 85' lang='grc' dir='ltr'><strong>εἰς</strong></span> 
     </span>
    </p>
   </div>
   <div class='ocr_carea' id='block_1_86' title="bbox 240 5587 1766 5660">
    <p class='ocr_par' dir='ltr' id='par_1_86' title="bbox 240 5587 1766 5660">
     <span class='ocr_line' id='line_1_86' title="bbox 240 5587 1766 5660; baseline -0.001 -15"><span class='ocrx_word' id='word_1_572' title='bbox 240 5594 327 5646; x_wconf 83' lang='grc' dir='ltr'>τὸν</span> <span class='ocrx_word' id='word_1_573' title='bbox 350 5594 547 5647; x_wconf 81' lang='grc' dir='ltr'>λάκκον</span> <span class='ocrx_word' id='word_1_574' title='bbox 563 5589 668 5642; x_wconf 84' lang='grc' dir='ltr'>τῶν</span> <span class='ocrx_word' id='word_1_575' title='bbox 688 5591 906 5642; x_wconf 86' lang='grc' dir='ltr'>λεόντων</span> <span class='ocrx_word' id='word_1_576' title='bbox 929 5606 941 5617; x_wconf 93' lang='grc'><strong>·</strong></span> <span class='ocrx_word' id='word_1_577' title='bbox 970 5590 1030 5641; x_wconf 71' lang='grc' dir='ltr'><strong>τὸ</strong></span> <span class='ocrx_word' id='word_1_578' title='bbox 1058 5590 1152 5658; x_wconf 84' lang='grc' dir='ltr'>μὲν</span> <span class='ocrx_word' id='word_1_579' title='bbox 1190 5590 1415 5660; x_wconf 82' lang='grc' dir='ltr'>πρῶτον,</span> <span class='ocrx_word' id='word_1_580' title='bbox 1456 5587 1631 5658; x_wconf 78' lang='grc' dir='ltr'>ἐπειδὴ</span> <span class='ocrx_word' id='word_1_581' title='bbox 1662 5592 1766 5643; x_wconf 80' lang='grc' dir='ltr'>τῶν</span> 
     </span>
    </p>
   </div>
   <div class='ocr_carea' id='block_1_87' title="bbox 243 5674 1767 5747">
    <p class='ocr_par' dir='ltr' id='par_1_87' title="bbox 243 5674 1767 5747">
     <span class='ocr_line' id='line_1_87' title="bbox 243 5674 1767 5747; baseline -0.003 -12"><span class='ocrx_word' id='word_1_582' title='bbox 243 5680 589 5735; x_wconf 80' lang='grc' dir='ltr'>Βαϐυλωνίων</span> <span class='ocrx_word' id='word_1_583' title='bbox 635 5677 1066 5747; x_wconf 87' lang='grc' dir='ltr'>προσευχομένων</span> <span class='ocrx_word' id='word_1_584' title='bbox 1093 5676 1294 5746; x_wconf 81' lang='grc' dir='ltr'>Δαρείῳ</span> <span class='ocrx_word' id='word_1_585' title='bbox 1324 5676 1398 5744; x_wconf 82' lang='grc' dir='ltr'>τῷ</span> <span class='ocrx_word' id='word_1_586' title='bbox 1427 5674 1645 5744; x_wconf 83' lang='grc' dir='ltr'>βασιλεῖ,</span> <span class='ocrx_word' id='word_1_587' title='bbox 1669 5680 1767 5745; x_wconf 70' lang='lat' dir='ltr'><strong>p.6-</strong></span> 
     </span>
    </p>
   </div>
   <div class='ocr_carea' id='block_1_88' title="bbox 1844 3172 3365 3247">
    <p class='ocr_par' dir='ltr' id='par_1_88' title="bbox 1844 3172 3365 3247">
     <span class='ocr_line' id='line_1_88' title="bbox 1844 3172 3365 3247; baseline -0.007 -13"><span class='ocrx_word' id='word_1_588' title='bbox 1844 3182 2205 3234; x_wconf 89' lang='lat' dir='ltr'><strong>narrationem</strong></span> <span class='ocrx_word' id='word_1_589' title='bbox 2245 3178 2311 3231; x_wconf 90' lang='lat' dir='ltr'><strong>de</strong></span> <span class='ocrx_word' id='word_1_590' title='bbox 2340 3178 2513 3247; x_wconf 88' lang='lat' dir='ltr'><strong>aquila</strong></span> <span class='ocrx_word' id='word_1_591' title='bbox 2533 3216 2548 3240; x_wconf 94' lang='lat'><strong>,</strong></span> <span class='ocrx_word' id='word_1_592' title='bbox 2577 3177 2976 3243; x_wconf 81' lang='lat' dir='ltr'><strong>insectaturque</strong></span> <span class='ocrx_word' id='word_1_593' title='bbox 3003 3175 3153 3227; x_wconf 86' lang='lat' dir='ltr'><strong>urbis</strong></span> <span class='ocrx_word' id='word_1_594' title='bbox 3183 3172 3365 3226; x_wconf 88' lang='lat' dir='ltr'><strong>Hiero-</strong></span> 
     </span>
    </p>
   </div>
   <div class='ocr_carea' id='block_1_89' title="bbox 1848 3260 3365 3336">
    <p class='ocr_par' dir='ltr' id='par_1_89' title="bbox 1848 3260 3365 3336">
     <span class='ocr_line' id='line_1_89' title="bbox 1848 3260 3365 3336; baseline -0.006 -16"><span class='ocrx_word' id='word_1_595' title='bbox 1848 3267 2172 3336; x_wconf 85' lang='lat' dir='ltr'><strong>solymorum</strong></span> <span class='ocrx_word' id='word_1_596' title='bbox 2221 3264 2531 3334; x_wconf 84' lang='lat' dir='ltr'><strong>iniquitates</strong></span> <span class='ocrx_word' id='word_1_597' title='bbox 2581 3270 2630 3316; x_wconf 91' lang='lat' dir='ltr'><strong>et</strong></span> <span class='ocrx_word' id='word_1_598' title='bbox 2673 3269 2908 3331; x_wconf 84' lang='lat' dir='ltr'><strong>peccata.</strong></span> <span class='ocrx_word' id='word_1_599' title='bbox 2967 3260 3196 3314; x_wconf 87' lang='lat' dir='ltr'><strong>Disserit</strong></span> <span class='ocrx_word' id='word_1_600' title='bbox 3234 3260 3365 3312; x_wconf 85' lang='lat' dir='ltr'><strong>item</strong></span> 
     </span>
    </p>
   </div>
   <div class='ocr_carea' id='block_1_90' title="bbox 1845 3350 3368 3422">
    <p class='ocr_par' dir='ltr' id='par_1_90' title="bbox 1845 3350 3368 3422">
     <span class='ocr_line' id='line_1_90' title="bbox 1845 3350 3368 3422; baseline -0.004 -14"><span class='ocrx_word' id='word_1_601' title='bbox 1845 3355 1910 3410; x_wconf 88' lang='lat' dir='ltr'><strong>de</strong></span> <span class='ocrx_word' id='word_1_602' title='bbox 1971 3354 2320 3410; x_wconf 84' lang='lat' dir='ltr'><strong>similitudine</strong></span> <span class='ocrx_word' id='word_1_603' title='bbox 2369 3368 2527 3422; x_wconf 80' lang='lat' dir='ltr'><strong>quam</strong></span> <span class='ocrx_word' id='word_1_604' title='bbox 2587 3350 2956 3419; x_wconf 88' lang='lat' dir='ltr'><strong>usurpabant,</strong></span> <span class='ocrx_word' id='word_1_605' title='bbox 3013 3364 3135 3401; x_wconf 87' lang='lat' dir='ltr'><strong>cum</strong></span> <span class='ocrx_word' id='word_1_606' title='bbox 3187 3354 3368 3417; x_wconf 75' lang='lat' dir='ltr'><strong>patres</strong></span> 
     </span>
    </p>
   </div>
   <div class='ocr_carea' id='block_1_91' title="bbox 1846 3429 3367 3501">
    <p class='ocr_par' dir='ltr' id='par_1_91' title="bbox 1846 3429 3367 3501">
     <span class='ocr_line' id='line_1_91' title="bbox 1846 3429 3367 3501; baseline -0.006 -3"><span class='ocrx_word' id='word_1_607' title='bbox 1846 3458 1976 3498; x_wconf 89' lang='lat' dir='ltr'><strong>suos</strong></span> <span class='ocrx_word' id='word_1_608' title='bbox 2007 3442 2229 3497; x_wconf 88' lang='lat' dir='ltr'><strong>acerbas</strong></span> <span class='ocrx_word' id='word_1_609' title='bbox 2263 3456 2392 3495; x_wconf 81' lang='lat' dir='ltr'><strong>uvas</strong></span> <span class='ocrx_word' id='word_1_610' title='bbox 2424 3439 2752 3501; x_wconf 88' lang='lat' dir='ltr'><strong>comedisse,</strong></span> <span class='ocrx_word' id='word_1_611' title='bbox 2788 3436 2879 3492; x_wconf 90' lang='lat' dir='ltr'><strong>sed</strong></span> <span class='ocrx_word' id='word_1_612' title='bbox 2913 3437 3101 3490; x_wconf 87' lang='lat' dir='ltr'><strong>dentes</strong></span> <span class='ocrx_word' id='word_1_613' title='bbox 3136 3434 3238 3490; x_wconf 87' lang='lat' dir='ltr'><strong>sibi</strong></span> <span class='ocrx_word' id='word_1_614' title='bbox 3258 3429 3367 3489; x_wconf 83' lang='lat' dir='ltr'><strong>&#39;ob-</strong></span> 
     </span>
    </p>
   </div>
   <div class='ocr_carea' id='block_1_92' title="bbox 1850 3528 3369 3604">
    <p class='ocr_par' dir='ltr' id='par_1_92' title="bbox 1850 3528 3369 3604">
     <span class='ocr_line' id='line_1_92' title="bbox 1850 3528 3369 3604; baseline -0.005 -14"><span class='ocrx_word' id='word_1_615' title='bbox 1850 3535 2119 3604; x_wconf 88' lang='lat' dir='ltr'><strong>stupuisse</strong></span> <span class='ocrx_word' id='word_1_616' title='bbox 2149 3535 2410 3590; x_wconf 88' lang='lat' dir='ltr'><strong>dicerent.</strong></span> <span class='ocrx_word' id='word_1_617' title='bbox 2442 3532 2689 3603; x_wconf 86' lang='lat' dir='ltr'><strong>Disputat</strong></span> <span class='ocrx_word' id='word_1_618' title='bbox 2715 3532 2874 3587; x_wconf 90' lang='lat' dir='ltr'><strong>etiam</strong></span> <span class='ocrx_word' id='word_1_619' title='bbox 2903 3529 2968 3585; x_wconf 88' lang='lat' dir='ltr'><strong>de</strong></span> <span class='ocrx_word' id='word_1_620' title='bbox 3006 3528 3135 3585; x_wconf 89' lang='lat' dir='ltr'><strong>Oola</strong></span> <span class='ocrx_word' id='word_1_621' title='bbox 3154 3570 3169 3594; x_wconf 95' lang='lat'><strong>,</strong></span> <span class='ocrx_word' id='word_1_622' title='bbox 3197 3528 3369 3596; x_wconf 81' lang='lat' dir='ltr'><strong>deque</strong></span> 
     </span>
    </p>
   </div>
   <div class='ocr_carea' id='block_1_93' title="bbox 1849 3616 3365 3694">
    <p class='ocr_par' dir='ltr' id='par_1_93' title="bbox 1849 3616 3365 3694">
     <span class='ocr_line' id='line_1_93' title="bbox 1849 3616 3365 3694; baseline -0.007 -13"><span class='ocrx_word' id='word_1_623' title='bbox 1849 3625 2038 3690; x_wconf 87' lang='lat' dir='ltr'><strong>Oliba,</strong></span> <span class='ocrx_word' id='word_1_624' title='bbox 2086 3633 2140 3680; x_wconf 93' lang='lat' dir='ltr'><strong>et</strong></span> <span class='ocrx_word' id='word_1_625' title='bbox 2182 3624 2423 3694; x_wconf 85' lang='lat' dir='ltr'><strong>adjungit</strong></span> <span class='ocrx_word' id='word_1_626' title='bbox 2463 3623 2641 3676; x_wconf 83' lang='lat' dir='ltr'><strong>ﬂetum</strong></span> <span class='ocrx_word' id='word_1_627' title='bbox 2688 3622 2741 3675; x_wconf 92' lang='lat' dir='ltr'><strong>in</strong></span> <span class='ocrx_word' id='word_1_628' title='bbox 2795 3618 2919 3683; x_wconf 88' lang='lat' dir='ltr'><strong>Sur,</strong></span> <span class='ocrx_word' id='word_1_629' title='bbox 2975 3620 3026 3673; x_wconf 91' lang='lat' dir='ltr'><strong>in</strong></span> <span class='ocrx_word' id='word_1_630' title='bbox 3075 3616 3365 3683; x_wconf 86' lang='lat' dir='ltr'><strong>Sidonem;</strong></span> 
     </span>
    </p>
   </div>
   <div class='ocr_carea' id='block_1_94' title="bbox 1849 3707 3371 3785">
    <p class='ocr_par' dir='ltr' id='par_1_94' title="bbox 1849 3707 3371 3785">
     <span class='ocr_line' id='line_1_94' title="bbox 1849 3707 3371 3785; baseline -0.007 -15"><span class='ocrx_word' id='word_1_631' title='bbox 1849 3716 2267 3785; x_wconf 85' lang='lat' dir='ltr'><strong>disputationem</strong></span> <span class='ocrx_word' id='word_1_632' title='bbox 2296 3714 2361 3770; x_wconf 92' lang='lat' dir='ltr'><strong>de</strong></span> <span class='ocrx_word' id='word_1_633' title='bbox 2390 3714 2476 3767; x_wconf 93' lang='lat' dir='ltr'><strong>die</strong></span> <span class='ocrx_word' id='word_1_634' title='bbox 2521 3710 2759 3773; x_wconf 88' lang='lat' dir='ltr'><strong>Domini,</strong></span> <span class='ocrx_word' id='word_1_635' title='bbox 2811 3711 2877 3765; x_wconf 94' lang='lat' dir='ltr'><strong>de</strong></span> <span class='ocrx_word' id='word_1_636' title='bbox 2925 3707 3201 3763; x_wconf 87' lang='lat' dir='ltr'><strong>Pharaone</strong></span> <span class='ocrx_word' id='word_1_637' title='bbox 3246 3722 3371 3777; x_wconf 83' lang='lat' dir='ltr'><strong>rege</strong></span> 
     </span>
    </p>
   </div>
   <div class='ocr_carea' id='block_1_95' title="bbox 1850 3794 3372 3874">
    <p class='ocr_par' dir='ltr' id='par_1_95' title="bbox 1850 3794 3372 3874">
     <span class='ocr_line' id='line_1_95' title="bbox 1850 3794 3372 3874; baseline -0.006 -17"><span class='ocrx_word' id='word_1_638' title='bbox 1850 3803 2103 3874; x_wconf 62' lang='lat' dir='ltr'><strong>Egypti,</strong></span> <span class='ocrx_word' id='word_1_639' title='bbox 2165 3818 2283 3857; x_wconf 88' lang='lat' dir='ltr'><strong>cum</strong></span> <span class='ocrx_word' id='word_1_640' title='bbox 2342 3802 2511 3871; x_wconf 88' lang='lat' dir='ltr'><strong>ipsius</strong></span> <span class='ocrx_word' id='word_1_641' title='bbox 2566 3806 2618 3854; x_wconf 91' lang='lat' dir='ltr'><strong>et</strong></span> <span class='ocrx_word' id='word_1_642' title='bbox 2672 3798 2816 3869; x_wconf 86' lang='lat' dir='ltr'><strong>regni</strong></span> <span class='ocrx_word' id='word_1_643' title='bbox 2870 3796 3249 3851; x_wconf 89' lang='lat' dir='ltr'><strong>lamentatione</strong></span> <span class='ocrx_word' id='word_1_644' title='bbox 3305 3794 3372 3848; x_wconf 90' lang='lat' dir='ltr'><strong>de</strong></span> 
     </span>
    </p>
   </div>
   <div class='ocr_carea' id='block_1_96' title="bbox 1851 3886 3370 3958">
    <p class='ocr_par' dir='ltr' id='par_1_96' title="bbox 1851 3886 3370 3958">
     <span class='ocr_line' id='line_1_96' title="bbox 1851 3886 3370 3958; baseline -0.005 -12"><span class='ocrx_word' id='word_1_645' title='bbox 1851 3901 2029 3948; x_wconf 88' lang='lat' dir='ltr'><strong>monte</strong></span> <span class='ocrx_word' id='word_1_646' title='bbox 2064 3891 2222 3958; x_wconf 85' lang='lat' dir='ltr'><strong>Seir;</strong></span> <span class='ocrx_word' id='word_1_647' title='bbox 2276 3889 2342 3945; x_wconf 90' lang='lat' dir='ltr'><strong>de</strong></span> <span class='ocrx_word' id='word_1_648' title='bbox 2393 3890 2608 3945; x_wconf 77' lang='lat' dir='ltr'><strong>ossibus</strong></span> <span class='ocrx_word' id='word_1_649' title='bbox 2651 3902 2836 3943; x_wconf 90' lang='lat' dir='ltr'><strong>eorum</strong></span> <span class='ocrx_word' id='word_1_650' title='bbox 2887 3888 2978 3957; x_wconf 90' lang='lat' dir='ltr'><strong>qui</strong></span> <span class='ocrx_word' id='word_1_651' title='bbox 3026 3886 3370 3950; x_wconf 75' lang='lat' dir='ltr'><strong>revixerunt;</strong></span> 
     </span>
    </p>
   </div>
   <div class='ocr_carea' id='block_1_97' title="bbox 1849 3978 3373 4052">
    <p class='ocr_par' dir='ltr' id='par_1_97' title="bbox 1849 3978 3373 4052">
     <span class='ocr_line' id='line_1_97' title="bbox 1849 3978 3373 4052; baseline -0.007 -15"><span class='ocrx_word' id='word_1_652' title='bbox 1849 3984 1916 4037; x_wconf 88' lang='lat' dir='ltr'><strong>de</strong></span> <span class='ocrx_word' id='word_1_653' title='bbox 1949 3982 2060 4052; x_wconf 81' lang='lat' dir='ltr'><strong>Cog</strong></span> <span class='ocrx_word' id='word_1_654' title='bbox 2080 4022 2096 4045; x_wconf 90' lang='lat'><strong>,</strong></span> <span class='ocrx_word' id='word_1_655' title='bbox 2136 3982 2201 4037; x_wconf 86' lang='lat' dir='ltr'><strong>de</strong></span> <span class='ocrx_word' id='word_1_656' title='bbox 2238 3989 2379 4036; x_wconf 88' lang='lat' dir='ltr'><strong>terra</strong></span> <span class='ocrx_word' id='word_1_657' title='bbox 2417 3980 2635 4051; x_wconf 81' lang='lat' dir='ltr'><strong>Magog,</strong></span> <span class='ocrx_word' id='word_1_658' title='bbox 2668 3980 2733 4034; x_wconf 92' lang='lat' dir='ltr'><strong>de</strong></span> <span class='ocrx_word' id='word_1_659' title='bbox 2762 3978 2887 4050; x_wconf 86' lang='lat' dir='ltr'><strong>Tyri</strong></span> <span class='ocrx_word' id='word_1_660' title='bbox 2918 3978 3184 4048; x_wconf 88' lang='lat' dir='ltr'><strong>principe,</strong></span> <span class='ocrx_word' id='word_1_661' title='bbox 3217 3991 3373 4044; x_wconf 87' lang='lat' dir='ltr'><strong>quem</strong></span> 
     </span>
    </p>
   </div>
   <div class='ocr_carea' id='block_1_98' title="bbox 1850 4064 3375 4144">
    <p class='ocr_par' dir='ltr' id='par_1_98' title="bbox 1850 4064 3375 4144">
     <span class='ocr_line' id='line_1_98' title="bbox 1850 4064 3375 4144; baseline -0.009 -15"><span class='ocrx_word' id='word_1_662' title='bbox 1850 4089 1970 4129; x_wconf 89' lang='lat' dir='ltr'><strong>cum</strong></span> <span class='ocrx_word' id='word_1_663' title='bbox 2014 4073 2138 4128; x_wconf 85' lang='lat' dir='ltr'><strong>ﬁliis</strong></span> <span class='ocrx_word' id='word_1_664' title='bbox 2188 4073 2369 4144; x_wconf 88' lang='lat' dir='ltr'><strong>populi</strong></span> <span class='ocrx_word' id='word_1_665' title='bbox 2421 4071 2504 4126; x_wconf 90' lang='lat' dir='ltr'><strong>sui</strong></span> <span class='ocrx_word' id='word_1_666' title='bbox 2559 4070 2902 4130; x_wconf 88' lang='lat' dir='ltr'><strong>lamentatur,</strong></span> <span class='ocrx_word' id='word_1_667' title='bbox 2956 4066 3022 4125; x_wconf 90' lang='lat' dir='ltr'><strong>de</strong></span> <span class='ocrx_word' id='word_1_668' title='bbox 3067 4064 3375 4135; x_wconf 86' lang='lat' dir='ltr'><strong>pastoribus</strong></span> 
     </span>
    </p>
   </div>
   <div class='ocr_carea' id='block_1_99' title="bbox 1854 4152 3378 4227">
    <p class='ocr_par' dir='ltr' id='par_1_99' title="bbox 1854 4152 3378 4227">
     <span class='ocr_line' id='line_1_99' title="bbox 1854 4152 3378 4227; baseline -0.007 -11"><span class='ocrx_word' id='word_1_669' title='bbox 1854 4163 2032 4218; x_wconf 80' lang='lat' dir='ltr'><strong>Israel.</strong></span> <span class='ocrx_word' id='word_1_670' title='bbox 2066 4162 2399 4217; x_wconf 81' lang='lat' dir='ltr'><strong>Vaticinatur</strong></span> <span class='ocrx_word' id='word_1_671' title='bbox 2424 4160 2653 4227; x_wconf 90' lang='lat' dir='ltr'><strong>denique</strong></span> <span class='ocrx_word' id='word_1_672' title='bbox 2684 4158 2749 4212; x_wconf 88' lang='lat' dir='ltr'><strong>de</strong></span> <span class='ocrx_word' id='word_1_673' title='bbox 2778 4157 2960 4226; x_wconf 89' lang='lat' dir='ltr'><strong>templi</strong></span> <span class='ocrx_word' id='word_1_674' title='bbox 3002 4161 3055 4209; x_wconf 93' lang='lat' dir='ltr'><strong>et</strong></span> <span class='ocrx_word' id='word_1_675' title='bbox 3096 4153 3247 4208; x_wconf 89' lang='lat' dir='ltr'><strong>urbis</strong></span> <span class='ocrx_word' id='word_1_676' title='bbox 3294 4152 3378 4205; x_wconf 86' lang='lat' dir='ltr'><strong>in-</strong></span> 
     </span>
    </p>
   </div>
   <div class='ocr_carea' id='block_1_100' title="bbox 1854 4249 2657 4321">
    <p class='ocr_par' dir='ltr' id='par_1_100' title="bbox 1854 4249 2657 4321">
     <span class='ocr_line' id='line_1_100' title="bbox 1854 4249 2657 4321; baseline -0.005 -14"><span class='ocrx_word' id='word_1_677' title='bbox 1854 4254 2181 4307; x_wconf 86' lang='lat' dir='ltr'><strong>stauratione</strong></span> <span class='ocrx_word' id='word_1_678' title='bbox 2210 4267 2369 4321; x_wconf 90' lang='lat' dir='ltr'><strong>quam</strong></span> <span class='ocrx_word' id='word_1_679' title='bbox 2399 4249 2657 4319; x_wconf 76' lang='lat' dir='ltr'><strong>depingit.</strong></span> 
     </span>
    </p>
   </div>
   <div class='ocr_carea' id='block_1_101' title="bbox 2282 4420 2963 4499">
    <p class='ocr_par' dir='ltr' id='par_1_101' title="bbox 2282 4420 2963 4499">
     <span class='ocr_line' id='line_1_101' title="bbox 2282 4420 2963 4499; baseline -0.003 -23"><span class='ocrx_word' id='word_1_680' title='bbox 2282 4424 2454 4489; x_wconf 84' lang='lat' dir='ltr'><strong>Quare</strong></span> <span class='ocrx_word' id='word_1_681' title='bbox 2487 4420 2669 4499; x_wconf 80' lang='lat' dir='ltr'><strong>Daniel</strong></span> <span class='ocrx_word' id='word_1_682' title='bbox 2699 4429 2908 4475; x_wconf 81' lang='lat' dir='ltr'><strong>vocatur</strong></span> <span class='ocrx_word' id='word_1_683' title='bbox 2929 4422 2963 4474; x_wconf 71' lang='grc'><strong>7·</strong></span> 
     </span>
    </p>
   </div>
   <div class='ocr_carea' id='block_1_102' title="bbox 1928 4505 3384 4584">
    <p class='ocr_par' dir='ltr' id='par_1_102' title="bbox 1928 4505 3384 4584">
     <span class='ocr_line' id='line_1_102' title="bbox 1928 4505 3384 4584; baseline -0.007 -16"><span class='ocrx_word' id='word_1_684' title='bbox 1928 4516 2063 4581; x_wconf 87' lang='lat' dir='ltr'><strong>Quia</strong></span> <span class='ocrx_word' id='word_1_685' title='bbox 2096 4525 2149 4571; x_wconf 92' lang='lat' dir='ltr'><strong>et</strong></span> <span class='ocrx_word' id='word_1_686' title='bbox 2182 4515 2295 4584; x_wconf 89' lang='lat' dir='ltr'><strong>ipse</strong></span> <span class='ocrx_word' id='word_1_687' title='bbox 2326 4514 2381 4566; x_wconf 90' lang='lat' dir='ltr'><strong>in</strong></span> <span class='ocrx_word' id='word_1_688' title='bbox 2410 4510 2720 4580; x_wconf 88' lang='lat' dir='ltr'><strong>captivitate</strong></span> <span class='ocrx_word' id='word_1_689' title='bbox 2757 4509 2856 4563; x_wconf 80' lang='lat' dir='ltr'><strong>fuit</strong></span> <span class='ocrx_word' id='word_1_690' title='bbox 2888 4508 2953 4561; x_wconf 88' lang='lat' dir='ltr'><strong>ad</strong></span> <span class='ocrx_word' id='word_1_691' title='bbox 2986 4505 3182 4577; x_wconf 85' lang='lat' dir='ltr'><strong>Cyrum</strong></span> <span class='ocrx_word' id='word_1_692' title='bbox 3212 4518 3384 4575; x_wconf 78' lang='lat' dir='ltr'><strong>usque</strong></span> 
     </span>
    </p>
   </div>
   <div class='ocr_carea' id='block_1_103' title="bbox 1854 4595 3385 4673">
    <p class='ocr_par' dir='ltr' id='par_1_103' title="bbox 1854 4595 3385 4673">
     <span class='ocr_line' id='line_1_103' title="bbox 1854 4595 3385 4673; baseline -0.008 -14"><span class='ocrx_word' id='word_1_693' title='bbox 1854 4606 2134 4659; x_wconf 86' lang='lat' dir='ltr'><strong>Persarum</strong></span> <span class='ocrx_word' id='word_1_694' title='bbox 2178 4619 2373 4673; x_wconf 83' lang='lat' dir='ltr'><strong>regem.</strong></span> <span class='ocrx_word' id='word_1_695' title='bbox 2418 4602 2678 4657; x_wconf 63' lang='lat' dir='ltr'><strong>Susanna:</strong></span> <span class='ocrx_word' id='word_1_696' title='bbox 2712 4599 2925 4669; x_wconf 86' lang='lat' dir='ltr'><strong>quidem</strong></span> <span class='ocrx_word' id='word_1_697' title='bbox 2956 4612 3206 4659; x_wconf 87' lang='lat' dir='ltr'><strong>causam,</strong></span> <span class='ocrx_word' id='word_1_698' title='bbox 3239 4595 3385 4648; x_wconf 89' lang='lat' dir='ltr'><strong>dam-</strong></span> 
     </span>
    </p>
   </div>
   <div class='ocr_carea' id='block_1_104' title="bbox 1858 4684 3380 4763">
    <p class='ocr_par' dir='ltr' id='par_1_104' title="bbox 1858 4684 3380 4763">
     <span class='ocr_line' id='line_1_104' title="bbox 1858 4684 3380 4763; baseline -0.007 -14"><span class='ocrx_word' id='word_1_699' title='bbox 1858 4696 1997 4749; x_wconf 82' lang='lat' dir='ltr'><strong>natis</strong></span> <span class='ocrx_word' id='word_1_700' title='bbox 2039 4695 2322 4749; x_wconf 76' lang='lat' dir='ltr'><strong>calumniae</strong></span> <span class='ocrx_word' id='word_1_701' title='bbox 2343 4708 2500 4763; x_wconf 67' lang='lat' dir='ltr'><strong>paena</strong></span> <span class='ocrx_word' id='word_1_702' title='bbox 2542 4692 2873 4750; x_wconf 88' lang='lat' dir='ltr'><strong>senioribus,</strong></span> <span class='ocrx_word' id='word_1_703' title='bbox 2910 4684 3204 4756; x_wconf 84' lang='lat' dir='ltr'><strong>judicavit:</strong></span> <span class='ocrx_word' id='word_1_704' title='bbox 3240 4685 3380 4754; x_wconf 90' lang='lat' dir='ltr'><strong>regis</strong></span> 
     </span>
    </p>
   </div>
   <div class='ocr_carea' id='block_1_105' title="bbox 1858 4772 3383 4847">
    <p class='ocr_par' dir='ltr' id='par_1_105' title="bbox 1858 4772 3383 4847">
     <span class='ocr_line' id='line_1_105' title="bbox 1858 4772 3383 4847; baseline -0.007 -10"><span class='ocrx_word' id='word_1_705' title='bbox 1858 4793 2037 4837; x_wconf 85' lang='lat' dir='ltr'><strong>autem</strong></span> <span class='ocrx_word' id='word_1_706' title='bbox 2068 4787 2275 4840; x_wconf 88' lang='lat' dir='ltr'><strong>somnia</strong></span> <span class='ocrx_word' id='word_1_707' title='bbox 2302 4784 2516 4843; x_wconf 87' lang='lat' dir='ltr'><strong>retulit,</strong></span> <span class='ocrx_word' id='word_1_708' title='bbox 2556 4791 2610 4835; x_wconf 90' lang='lat' dir='ltr'><strong>et</strong></span> <span class='ocrx_word' id='word_1_709' title='bbox 2656 4781 3039 4847; x_wconf 86' lang='lat' dir='ltr'><strong>interpretatus</strong></span> <span class='ocrx_word' id='word_1_710' title='bbox 3086 4783 3188 4829; x_wconf 91' lang='lat' dir='ltr'><strong>est.</strong></span> <span class='ocrx_word' id='word_1_711' title='bbox 3238 4772 3383 4827; x_wconf 77' lang='lat' dir='ltr'><strong>Vidit</strong></span> 
     </span>
    </p>
   </div>
   <div class='ocr_carea' id='block_1_106' title="bbox 1861 4867 3379 4947">
    <p class='ocr_par' dir='ltr' id='par_1_106' title="bbox 1861 4867 3379 4947">
     <span class='ocr_line' id='line_1_106' title="bbox 1861 4867 3379 4947; baseline -0.005 -18"><span class='ocrx_word' id='word_1_712' title='bbox 1861 4890 2021 4947; x_wconf 72' lang='lat' dir='ltr'><strong>pono</strong></span> <span class='ocrx_word' id='word_1_713' title='bbox 2064 4875 2299 4929; x_wconf 84' lang='lat' dir='ltr'><strong>visiones</strong></span> <span class='ocrx_word' id='word_1_714' title='bbox 2333 4874 2575 4928; x_wconf 82' lang='lat' dir='ltr'><strong>eximias.</strong></span> <span class='ocrx_word' id='word_1_715' title='bbox 2614 4871 2688 4926; x_wconf 88' lang='lat' dir='ltr'><strong>De</strong></span> <span class='ocrx_word' id='word_1_716' title='bbox 2731 4871 2909 4939; x_wconf 78' lang='lat' dir='ltr'><strong>regnis</strong></span> <span class='ocrx_word' id='word_1_717' title='bbox 2948 4868 3163 4939; x_wconf 89' lang='lat' dir='ltr'><strong>quidem</strong></span> <span class='ocrx_word' id='word_1_718' title='bbox 3207 4867 3379 4929; x_wconf 88' lang='lat' dir='ltr'><strong>duas;</strong></span> 
     </span>
    </p>
   </div>
   <div class='ocr_carea' id='block_1_107' title="bbox 1860 4955 3385 5027">
    <p class='ocr_par' dir='ltr' id='par_1_107' title="bbox 1860 4955 3385 5027">
     <span class='ocr_line' id='line_1_107' title="bbox 1860 4955 3385 5027; baseline -0.005 -9"><span class='ocrx_word' id='word_1_719' title='bbox 1860 4966 1994 5019; x_wconf 91' lang='lat' dir='ltr'><strong>duas</strong></span> <span class='ocrx_word' id='word_1_720' title='bbox 2009 4963 2135 5016; x_wconf 91' lang='lat' dir='ltr'><strong>item</strong></span> <span class='ocrx_word' id='word_1_721' title='bbox 2164 4963 2226 5017; x_wconf 89' lang='lat' dir='ltr'><strong>de</strong></span> <span class='ocrx_word' id='word_1_722' title='bbox 2243 4961 2535 5015; x_wconf 89' lang='lat' dir='ltr'><strong>Salvatoris</strong></span> <span class='ocrx_word' id='word_1_723' title='bbox 2547 4959 2798 5023; x_wconf 87' lang='lat' dir='ltr'><strong>adventu,</strong></span> <span class='ocrx_word' id='word_1_724' title='bbox 2817 4959 2987 5027; x_wconf 88' lang='lat' dir='ltr'><strong>deque</strong></span> <span class='ocrx_word' id='word_1_725' title='bbox 3008 4955 3385 5027; x_wconf 66' lang='lat' dir='ltr'><strong>Hierosolyma:</strong></span> 
     </span>
    </p>
   </div>
   <div class='ocr_carea' id='block_1_108' title="bbox 1861 5048 3383 5123">
    <p class='ocr_par' dir='ltr' id='par_1_108' title="bbox 1861 5048 3383 5123">
     <span class='ocr_line' id='line_1_108' title="bbox 1861 5048 3383 5123; baseline -0.006 -14"><span class='ocrx_word' id='word_1_726' title='bbox 1861 5056 2062 5123; x_wconf 88' lang='lat' dir='ltr'><strong>requie,</strong></span> <span class='ocrx_word' id='word_1_727' title='bbox 2111 5061 2163 5108; x_wconf 92' lang='lat' dir='ltr'><strong>et</strong></span> <span class='ocrx_word' id='word_1_728' title='bbox 2206 5053 2528 5108; x_wconf 80' lang='lat' dir='ltr'><strong>Antechristi</strong></span> <span class='ocrx_word' id='word_1_729' title='bbox 2578 5065 2815 5105; x_wconf 87' lang='lat' dir='ltr'><strong>accessu.</strong></span> <span class='ocrx_word' id='word_1_730' title='bbox 2868 5048 3059 5101; x_wconf 86' lang='lat' dir='ltr'><strong>Narrat</strong></span> <span class='ocrx_word' id='word_1_731' title='bbox 3118 5053 3383 5117; x_wconf 74' lang='lat' dir='ltr'><strong>praeterea</strong></span> 
     </span>
    </p>
   </div>
   <div class='ocr_carea' id='block_1_109' title="bbox 1863 5136 3388 5213">
    <p class='ocr_par' dir='ltr' id='par_1_109' title="bbox 1863 5136 3388 5213">
     <span class='ocr_line' id='line_1_109' title="bbox 1863 5136 3388 5213; baseline -0.007 -17"><span class='ocrx_word' id='word_1_732' title='bbox 1863 5142 2179 5212; x_wconf 85' lang='lat' dir='ltr'><strong>martyrium</strong></span> <span class='ocrx_word' id='word_1_733' title='bbox 2208 5141 2469 5213; x_wconf 88' lang='lat' dir='ltr'><strong>Sydrach,</strong></span> <span class='ocrx_word' id='word_1_734' title='bbox 2504 5139 2703 5195; x_wconf 80' lang='lat' dir='ltr'><strong>Misach</strong></span> <span class='ocrx_word' id='word_1_735' title='bbox 2752 5145 2804 5191; x_wconf 93' lang='lat' dir='ltr'><strong>et</strong></span> <span class='ocrx_word' id='word_1_736' title='bbox 2835 5136 3143 5205; x_wconf 83' lang='lat' dir='ltr'><strong>Abdenago,</strong></span> <span class='ocrx_word' id='word_1_737' title='bbox 3177 5150 3388 5188; x_wconf 86' lang='lat' dir='ltr'><strong>eorum-</strong></span> 
     </span>
    </p>
   </div>
   <div class='ocr_carea' id='block_1_110' title="bbox 1862 5220 3387 5298">
    <p class='ocr_par' dir='ltr' id='par_1_110' title="bbox 1862 5220 3387 5298">
     <span class='ocr_line' id='line_1_110' title="bbox 1862 5220 3387 5298; baseline -0.009 -15"><span class='ocrx_word' id='word_1_738' title='bbox 1862 5246 1963 5298; x_wconf 87' lang='lat' dir='ltr'><strong>que</strong></span> <span class='ocrx_word' id='word_1_739' title='bbox 1990 5231 2255 5284; x_wconf 85' lang='lat' dir='ltr'><strong>canticum</strong></span> <span class='ocrx_word' id='word_1_740' title='bbox 2283 5248 2295 5282; x_wconf 90' lang='lat'><strong>:</strong></span> <span class='ocrx_word' id='word_1_741' title='bbox 2330 5236 2492 5297; x_wconf 90' lang='lat' dir='ltr'><strong>utque</strong></span> <span class='ocrx_word' id='word_1_742' title='bbox 2519 5224 2742 5280; x_wconf 83' lang='lat' dir='ltr'><strong>servatis</strong></span> <span class='ocrx_word' id='word_1_743' title='bbox 2768 5223 2921 5290; x_wconf 90' lang='lat' dir='ltr'><strong>ipsis,</strong></span> <span class='ocrx_word' id='word_1_744' title='bbox 2954 5220 3247 5274; x_wconf 90' lang='lat' dir='ltr'><strong>combustis</strong></span> <span class='ocrx_word' id='word_1_745' title='bbox 3290 5234 3387 5270; x_wconf 81' lang='lat' dir='ltr'><strong>au—</strong></span> 
     </span>
    </p>
   </div>
   <div class='ocr_carea' id='block_1_111' title="bbox 1865 5307 3382 5389">
    <p class='ocr_par' dir='ltr' id='par_1_111' title="bbox 1865 5307 3382 5389">
     <span class='ocr_line' id='line_1_111' title="bbox 1865 5307 3382 5389; baseline -0.01 -16"><span class='ocrx_word' id='word_1_746' title='bbox 1865 5330 1972 5373; x_wconf 85' lang='lat' dir='ltr'><strong>tem</strong></span> <span class='ocrx_word' id='word_1_747' title='bbox 2030 5320 2120 5389; x_wconf 88' lang='lat' dir='ltr'><strong>qui</strong></span> <span class='ocrx_word' id='word_1_748' title='bbox 2184 5319 2361 5388; x_wconf 90' lang='lat' dir='ltr'><strong>ignem</strong></span> <span class='ocrx_word' id='word_1_749' title='bbox 2426 5313 2823 5373; x_wconf 74' lang='lat' dir='ltr'><strong>succedebant,</strong></span> <span class='ocrx_word' id='word_1_750' title='bbox 2885 5326 3061 5379; x_wconf 89' lang='lat' dir='ltr'><strong>regem</strong></span> <span class='ocrx_word' id='word_1_751' title='bbox 3120 5307 3382 5378; x_wconf 63' lang='lat' dir='ltr'><strong>paenituit.</strong></span> 
     </span>
    </p>
   </div>
   <div class='ocr_carea' id='block_1_112' title="bbox 1861 5398 3386 5465">
    <p class='ocr_par' dir='ltr' id='par_1_112' title="bbox 1861 5398 3386 5465">
     <span class='ocr_line' id='line_1_112' title="bbox 1861 5398 3386 5465; baseline -0.007 -3"><span class='ocrx_word' id='word_1_752' title='bbox 1861 5409 2048 5462; x_wconf 82' lang='lat' dir='ltr'><strong>Narrat</strong></span> <span class='ocrx_word' id='word_1_753' title='bbox 2092 5410 2253 5463; x_wconf 92' lang='lat' dir='ltr'><strong>etiam</strong></span> <span class='ocrx_word' id='word_1_754' title='bbox 2300 5415 2357 5459; x_wconf 88' lang='lat' dir='ltr'><strong>nt</strong></span> <span class='ocrx_word' id='word_1_755' title='bbox 2381 5413 2463 5460; x_wconf 89' lang='lat' dir='ltr'><strong>est</strong></span> <span class='ocrx_word' id='word_1_756' title='bbox 2487 5404 2538 5456; x_wconf 92' lang='lat' dir='ltr'><strong>in</strong></span> <span class='ocrx_word' id='word_1_757' title='bbox 2593 5403 2800 5455; x_wconf 89' lang='lat' dir='ltr'><strong>leonum</strong></span> <span class='ocrx_word' id='word_1_758' title='bbox 2853 5400 3025 5452; x_wconf 85' lang='lat' dir='ltr'><strong>lacum</strong></span> <span class='ocrx_word' id='word_1_759' title='bbox 3070 5398 3386 5465; x_wconf 72' lang='lat' dir='ltr'><strong>coniectus;</strong></span> 
     </span>
    </p>
   </div>
   <div class='ocr_carea' id='block_1_113' title="bbox 1866 5490 3391 5569">
    <p class='ocr_par' dir='ltr' id='par_1_113' title="bbox 1866 5490 3391 5569">
     <span class='ocr_line' id='line_1_113' title="bbox 1866 5490 3391 5569; baseline -0.006 -18"><span class='ocrx_word' id='word_1_760' title='bbox 1866 5500 2089 5569; x_wconf 90' lang='lat' dir='ltr'><strong>primum</strong></span> <span class='ocrx_word' id='word_1_761' title='bbox 2128 5498 2340 5567; x_wconf 90' lang='lat' dir='ltr'><strong>quidem</strong></span> <span class='ocrx_word' id='word_1_762' title='bbox 2386 5495 2527 5564; x_wconf 87' lang='lat' dir='ltr'><strong>quod</strong></span> <span class='ocrx_word' id='word_1_763' title='bbox 2557 5492 2769 5544; x_wconf 89' lang='lat' dir='ltr'><strong>Darium</strong></span> <span class='ocrx_word' id='word_1_764' title='bbox 2815 5506 2993 5558; x_wconf 85' lang='lat' dir='ltr'><strong>regem</strong></span> <span class='ocrx_word' id='word_1_765' title='bbox 3043 5490 3391 5545; x_wconf 77' lang='lat' dir='ltr'><strong>adorantibus</strong></span> 
     </span>
    </p>
   </div>
   <div class='ocr_carea' id='block_1_114' title="bbox 1865 5576 3384 5658">
    <p class='ocr_par' dir='ltr' id='par_1_114' title="bbox 1865 5576 3384 5658">
     <span class='ocr_line' id='line_1_114' title="bbox 1865 5576 3384 5658; baseline -0.011 -16"><span class='ocrx_word' id='word_1_766' title='bbox 1865 5587 2165 5658; x_wconf 74' lang='lat' dir='ltr'><strong>Babyloniis</strong></span> <span class='ocrx_word' id='word_1_767' title='bbox 2214 5586 2494 5643; x_wconf 84' lang='lat' dir='ltr'><strong>omnibus,</strong></span> <span class='ocrx_word' id='word_1_768' title='bbox 2547 5581 2693 5634; x_wconf 88' lang='lat' dir='ltr'><strong>solus</strong></span> <span class='ocrx_word' id='word_1_769' title='bbox 2745 5579 2859 5646; x_wconf 90' lang='lat' dir='ltr'><strong>ipse</strong></span> <span class='ocrx_word' id='word_1_770' title='bbox 2903 5576 3069 5633; x_wconf 83' lang='lat' dir='ltr'><strong>Deum</strong></span> <span class='ocrx_word' id='word_1_771' title='bbox 3102 5578 3384 5635; x_wconf 76' lang='lat' dir='ltr'><strong>adorat-et:</strong></span> 
     </span>
    </p>
   </div>
   <div class='ocr_carea' id='block_1_115' title="bbox 1869 5669 3389 5745">
    <p class='ocr_par' dir='ltr' id='par_1_115' title="bbox 1869 5669 3389 5745">
     <span class='ocr_line' id='line_1_115' title="bbox 1869 5669 3389 5745; baseline -0.013 -13"><span class='ocrx_word' id='word_1_772' title='bbox 1869 5677 2055 5733; x_wconf 86' lang='lat' dir='ltr'><strong>deinde</strong></span> <span class='ocrx_word' id='word_1_773' title='bbox 2088 5693 2211 5732; x_wconf 79' lang='lat' dir='ltr'><strong>vero</strong></span> <span class='ocrx_word' id='word_1_774' title='bbox 2244 5676 2382 5745; x_wconf 83' lang='lat' dir='ltr'><strong>quod</strong></span> <span class='ocrx_word' id='word_1_775' title='bbox 2416 5674 2504 5726; x_wconf 81' lang='lat' dir='ltr'><strong>Bel</strong></span> <span class='ocrx_word' id='word_1_776' title='bbox 2541 5678 2592 5724; x_wconf 94' lang='lat' dir='ltr'><strong>et</strong></span> <span class='ocrx_word' id='word_1_777' title='bbox 2634 5669 2921 5723; x_wconf 72' lang='lat' dir='ltr'><strong>draconem</strong></span> <span class='ocrx_word' id='word_1_778' title='bbox 2959 5670 3061 5724; x_wconf 89' lang='lat' dir='ltr'><strong>sub</strong></span> <span class='ocrx_word' id='word_1_779' title='bbox 3092 5669 3229 5739; x_wconf 84' lang='lat' dir='ltr'><strong>Cyro</strong></span> <span class='ocrx_word' id='word_1_780' title='bbox 3270 5675 3389 5730; x_wconf 66' lang='lat' dir='ltr'><strong>rege</strong></span> 
     </span>
    </p>
   </div>
  </div>
