3952 6378
197 372 375 419 ιείξ)
1373 372 1679 428 CANONES
1713 373 1756 426 E

1813 373 2177 432 ANGELIORU
2188 376 2256 431 Μ.
3241 381 3374 435 ηπ

197 479 385 548 παρὰ
419 478 484 533 τὸ
515 482 748 552 καθῆκον
772 485 1034 554 λαθραίως
1056 487 1322 557 ὲπιχειρῇ-
1362 489 1452 540 καὶ
1479 489 1611 558 αὕτη
1647 490 1704 542 δὲ
1736 492 1758 558 ἡ

1815 504 1837 554 δ
1867 507 1968 560 que
1995 493 2222 556 animus,
2250 495 2340 562 qui
2371 506 2475 548 non
2498 510 2644 564 aeque
2670 504 2749 551 est
2765 497 2984 552 allectus
3011 512 3134 566 erga
3164 497 3264 552 sibi
3286 498 3376 550 be-

196 569 470 624 ὲκάστου
511 573 762 639 διάθεσις,
807 577 878 647 μὴ
924 579 1115 646 ὁμοίως
1159 579 1486 650 διακειμένου
1533 582 1664 654 πρός
1712 599 1757 634 τε

1878 583 2111 645 nevolos,
2138 591 2294 651 atque
2321 582 2576 638 adversus
2601 601 2690 639 eos
2721 589 2811 655 qui
2840 589 2940 643 sibi
2969 602 3159 642 nocere
3181 601 3377 640 conan-

196 661 358 723 τοὺς
413 663 826 732 εὐεργετοῦντας
867 667 959 719 καὶ
1007 667 1136 736 πρὸς
1173 670 1296 730 τοὺς
1337 669 1581 736 βλάπτειν
1614 671 1757 723 αὐτὸν

1871 679 1976 725 tur.
2016 670 2176 740 Igitur
2228 681 2517 741 spontanea
2576 678 2822 744 magistra
2870 679 3152 747 unicuique
3201 685 3284 730 est
3312 677 3377 728 ad

201 750 683 821 ἐπιχειροῦντας·
732 755 1033 825 αὐτομαθὴς
1074 756 1377 820 διδάσκαλος
1417 758 1614 825 γίνεται
1646 760 1762 812 ἑκά-

1867 760 1990 813 boni
2020 761 2245 828 malique
2273 761 2544 814 scientiam
2572 763 2655 817 lex
2692 774 2920 830 naturae,
2947 767 3068 818 dum
3101 771 3240 819 vetat
3277 779 3375 820 nos

207 857 347 908 στῳ
383 843 490 912 τῆς
522 843 648 912 περὶ
679 843 889 911 ἀγαθῶν
935 845 1024 898 καὶ
1060 845 1237 898 κακῶν
1266 847 1582 916 ἐπιστήμης,
1617 849 1644 898 ὁ
1672 847 1766 915 τῆς

1710 847 1766 915 ῆς
1867 849 2082 902 cuilibet
2110 848 2303 912 facere,
2329 850 2466 917 quod
2494 865 2591 904 nos
2617 851 2684 903 ah
2719 851 2835 905 aliis
2868 855 2972 920 pati
2994 854 3271 906 nollemus.

207 929 463 997 φύσεως
535 933 712 1002 νόμος,
771 933 936 987 ταῦτά
985 951 1131 998 τινας
1197 935 1322 1005 δρᾷν
1355 937 1569 1016 ,ἑτέροις
1629 937 1991 1007 ἀπαγορεύων,
2043 939 2182 1008 ἅπερ
2223 955 2304 998 τις
2356 939 2510 1001 αὐτὸς
2553 941 2674 1009 παρ’
2741 940 2932 1010 ἑτέρων
2982 943 3077 994 οὐκ
3107 940 3170 994 ἂν
3211 939 3381 994 ἕλοιτο

211 1020 460 1080 παθεῖν.

342 1111 442 1180 ιβ’.
478 1113 769 1166 Εὐσεόἱου
797 1113 865 1165 ἐκ
892 1113 996 1168 τοῦ
1025 1120 1055 1167 ι’
1087 1112 1192 1180 τῆς
1222 1121 1272 1167 α’
1310 1112 1666 1183 Εὶσαγωγῆς.
1872 1115 1894 1166 1

1872 1114 1954 1166 12.
1980 1111 2184 1166 Eusebii
2210 1127 2271 1165 ea:
2296 1113 2488 1166 decimo
2521 1111 2920 1232 [Irifroductionis
2939 1115 3116 1169 urima:
3138 1125 3377 1184 tanquam

2476 1198 2508 1232 a
2606 1191 2767 1232 atoue.

2476 1198 2508 1233 α
2537 1191 2767 1234 Platone.

313 1267 633 1338 Ἐνδέχεται
679 1269 792 1339 μὲν,
838 1263 880 1320 ὦ
921 1267 1142 1329 παιδίον,
1175 1267 1346 1334 λέγειν
1391 1267 1484 1337 μὲν
1516 1261 1594 1327 εὖ,
1636 1266 1770 1334 φαῦ-

1937 1271 2252 1340 Coutingere
2284 1280 2473 1340 potest,
2498 1286 2529 1324 ο
2559 1288 2706 1341 puer,
2739 1281 2794 1324 ut
2824 1274 3014 1342 aliquis
3039 1274 3170 1328 bene
3202 1275 3340 1329 dicat
3364 1315 3378 1341 ,

210 1356 322 1409 λον
376 1359 440 1410 δὲ
486 1359 775 1428 ὑπάρχεινο
828 1357 1126 1428 πράσσοντα
1158 1357 1210 1408 δὲ
1248 1352 1327 1420 εὖ,
1386 1355 1576 1422 φαῦλον
1618 1353 1769 1416 εἶναι,

1871 1377 1990 1416 cum
2019 1363 2189 1414 malus
2218 1362 2320 1424 sit;
2353 1371 2710 1415 verumtamen
2739 1363 2962 1429 aliquem
2995 1361 3126 1417 bene
3171 1363 3343 1420 facere
3365 1401 3380 1427 ,

213 1447 526 1506 ἀδύνατον.

1871 1450 1960 1519 qui
1995 1463 2189 1518 pravus
2211 1448 2299 1510 sit,
2333 1447 2673 1514 impossibile.

303 1544 407 1604 ιγ’.
443 1538 732 1590 Εὐσεόιου
759 1539 824 1590 ἐκ
852 1537 954 1590 τοῦ
985 1545 1034 1590 α’
1062 1537 1166 1604 τῆς
1187 1544 1235 1589 a’
1251 1534 1703 1604 Ἐπιστολῆς(ὶ).

1981 1538 2060 1591 15.
2083 1536 2287 1589 Eusebii
2306 1552 2368 1588 ea:
2389 1536 2551 1602 primo
2579 1535 2797 1601 capitulo
2827 1532 3067 1602 Epistola:
3084 1537 3281 1600 primm.

299 1626 424 1678 Βία
459 1625 576 1695 Θεῷ
607 1627 665 1678 οὐ
698 1627 995 1697 πρόσεστιν.
1527 1639 1534 1646 ’

1527 1639 1534 1646 ·
1943 1626 2097 1680 Nulla
2133 1625 2293 1680 Deum
2321 1625 2402 1679 vis
2431 1626 2588 1694 cogit.

303 1777 396 1843 (1)
430 1777 508 1831 lta
553 1793 774 1846 prorsus
827 1780 1078 1834 scribitur
1106 1779 1159 1831 in
1210 1779 1301 1831 illo
1324 1779 1504 1831 codice
1535 1775 1654 1830 Vat.
1688 1776 1772 1846 A(p.
1875 1793 1990 1833 rum
2030 1779 2084 1832 in
2125 1778 2300 1846 plures
2334 1778 2498 1830 libros
2545 1777 2880 1840 distinctum;
2933 1791 3167 1846 quarum_
3203 1778 3389 1832 saltem

217 1846 248 1900 1
268 1846 342 1898 l9
373 1846 457 1910 h),
478 1843 620 1899 unde
647 1862 743 1901 nos
776 1849 1096 1916 sumpsimus
1124 1846 1325 1898 Leontii
1352 1846 1648 1916 etAJoannis
1675 1843 1774 1898 8ο-
1877 1843 2157 1916 nonnullas
2190 1846 2258 1916 ob
2289 1847 2639 1916 prolixitatem
2668 1847 2815 1916 _(puta
2855 1846 2919 1898 de
2949 1843 3105 1898 rebus
3138 1843 3379 1914 dagmau

217 1930 466 1974 prarum
499 1931 668 1968 rerum
693 1913 910 1976 librum,
939 1915 1127 1981 Script.
1157 1924 1250 1968 vet.
1276 1922 1315 1967 t.
1352 1913 1453 1967 Vll.
1492 1914 1663 1983 Quare
1692 1928 1774 1983 se-
1878 1916 1978 1983 cis)
2001 1913 2360 1983 intercapitari
2389 1929 2522 1982 opus
2549 1913 2723 1969 fuerit.

218 1983 442 2052 quitur
463 1992 525 2035 ut
547 1983 910 2038 existimemus
945 1985 1213 2038 exstitisse
1257 1983 1500 2036 volumen
1529 1982 1777 2050 epistola-

222 2159 3378 2205 Μ

930 2339 1658 2492 EUSEBII
1834 2328 2714 2490 PAMPHILI

1228 2615 1883 2695 CIESARIENSIS
1950 2615 2404 2692 EPISCOPI

371 2798 963 2909 CANONES
1020 2804 1442 2907 DECEM
1499 2797 2190 2907 HABMONIE
2246 2796 3278 2935 EVANGELIOBUM,

1257 3004 1581 3064 Prwmissa
1611 3004 1690 3064 ad
1723 3004 2096 3081 Carpianum
2129 3005 2408 3082 epistola.

968 3159 1243 3221 (Genuum,
1277 3160 1501 3208 Veterum
1525 3161 1724 3207 Patrum
1749 3157 1990 3220 Biblioth.,
2013 3161 2073 3218 Il,
2098 3162 2204 3222 533,
2229 3165 2280 3209 et
2301 3161 2496 3222 Proleg.
2519 3175 2566 3222 p.
2589 3161 2703 3224 ur.)

1812 3292 1878 3306 ..-

1539 3387 2137 3480 MONITUM.

658 3571 762 3641 (Ea:
784 3572 1002 3628 Joannis
1035 3573 1191 3628 Millii
1219 3573 1603 3644 Pralegomenis
1633 3574 1700 3628 ad
1733 3573 1934 3630 Novum
1964 3575 2340 3629 Testamentum
2376 3571 2629 3636 Gmcum,
2660 3570 2720 3642 ἧς
2745 3570 3019 3642 758-741.)

340 3862 363 3894 ι
396 3839 545 3893 Inter
572 3836 674 3890 alia
701 3835 913 3891 Eusebii
937 3852 1096 3907 opera
1125 3845 1300 3892 exstat
1330 3839 1550 3908 epistola
1580 3839 1698 3908 ejus
1725 3839 1792 3892 ad
1825 3849 1864 3904 Β
1892 3835 2292 3892 monstrandam
2354 3831 2647 3886 Diatessarl
2704 3831 2864 3898 hujus
2925 3829 3299 3900 perfectionem
3357 3841 3406 3892 et

254 3931 628 4000 cat-pinnula,
661 3942 818 3994 quam
852 3943 982 3981 mss.
1019 3928 1282 3997 plerisque
1312 3929 1588 3984 codicibus
1619 3931 1794 3983 Evan~
1896 3928 2272 3996 integritatem.
2322 3922 2498 3991 Neque
2538 3921 2628 3974 alii
2671 3920 2762 3973 ulli
2806 3920 2979 3974 adhuc
3020 3921 3138 3973 usui
3165 3921 3406 3980 inservio

247 4025 539 4094 'geliorum
582 4017 846 4084 praaiixam
887 4017 1064 4069 videre
1092 4026 1195 4080 est,
1236 4032 1340 4070 una
1383 4032 1500 4070 cum
1547 4018 1662 4086 ejus
1697 4017 1798 4072 Ca-
1896 4020 1986 4072 bat
2018 4037 2030 4072 :
2058 4017 2197 4070 unde
2226 4029 2323 4068 nec
2348 4011 2598 4067 credibile
2627 4019 2729 4083 est,
2763 4025 3016 4064 numeros
3053 4012 3184 4065 istos
3221 4027 3407 4084 propa-

260 4124 431 4173 none,
470 4120 627 4175 quem
661 4112 872 4166 vocant,
899 4107 1010 4158 sive
1041 4106 1208 4158 decem
1239 4106 1447 4169 tabulis,
1477 4107 1527 4159 in
1553 4122 1686 4176 quas
1715 4124 1799 4161 re-
1897 4119 2046 4179 gatos
2076 4108 2240 4162 fuisse
2267 4107 2404 4159 ultra
2437 4104 2602 4173 ipsius
2630 4103 2894 4154 Ammonii
2921 4103 3210 4170 exemplar.

262 4202 406 4262 tulit
450 4209 703 4250 numeros
745 4195 1127 4249 Ammonianos.
1174 4195 1372 4249 Horum
1421 4206 1592 4251 autem
1632 4199 1798 4251 artili-
1965 4198 2074 4250 lloc
2109 4212 2226 4250 cum
2277 4197 2330 4248 in
2372 4194 2626 4247 Caesarea:
2665 4191 2980 4244 bibliotheca
3033 4192 3200 4246 aliave
3241 4193 3410 4264 aliqua

262 4291 448 4350 cium,
474 4299 736 4352 usumque
764 4301 918 4352 quem
948 4284 1182 4350 praebent
1215 4285 1494 4354 insignem,
1523 4285 1576 4337 in
1610 4299 1800 4353 reprrc-
1899 4287 2190 4356 repositum
2219 4285 2504 4353 reperisset
2533 4281 2815 4344 Eusebius,
2842 4283 2897 4334 in
2945 4289 3170 4336 mentem
3201 4285 3301 4352 ipsi
3336 4301 3406 4340 ve

264 4377 545 4434 sentanda
604 4385 830 4444 quatuor
876 4373 1270 4442 Evangeliorum
1328 4375 1635 4437 harmonia,
1692 4374 1800 4442 jam
1898 4378 2007 4438 nit,
2047 4375 2335 4428 harmonia:
2373 4373 2561 4438 hujus,
2595 4385 3044 4439 numerorumque
3084 4372 3414 4428 Ammoniani

261 4466 515 4522 breviter
548 4461 948 4530 explicabimus.
983 4461 1116 4514 Ante
1146 4476 1314 4515 annos
1341 4470 1550 4516 centum
1585 4462 1801 4515 Ammo-
1902 4463 2306 4532 Evangeliorum
2340 4459 2542 4512 codicis
2570 4473 2688 4525 ope,
2717 4456 2922 4510 institui
2957 4471 3019 4509 ac
3049 4459 3414 4525 reprasentari
3505 4512 3512 4521 ,

263 4557 404 4609 nius
440 4549 852 4609 Alexandrinus,
903 4549 1153 4616 singulari
1189 4557 1302 4602 arte
1330 4559 1484 4618 atque
1514 4551 1708 4613 studio,
1739 4567 1804 4604 ex
1905 4567 2062 4622 posse
2107 4553 2371 4618 integrum
2437 4556 2488 4602 et
2554 4547 2844 4616 perfectum
2897 4545 3269 4612 Diatessaron,
3322 4562 3415 4598 σω·

264 4651 518 4716 quatuor
548 4639 748 4693 nostris
780 4637 1081 4707 Evangeliis
1114 4638 1252 4691 inter
1278 4655 1334 4692 se
1371 4640 1597 4704 collatis,
1634 4641 1806 4694 confe-

1903 4641 2122 4708 ζομένου
2156 4641 2246 4692 καὶ
2271 4639 2359 4690 τοῦ
2389 4638 2494 4690 τῶν
2513 4635 2900 4704 εὐαγγελιστῶν
2929 4635 2992 4686 δι’
3029 4635 3146 4686 ὅλου
3181 4633 3414 4702 σώματος

266 4741 431 4790 cerat
491 4727 776 4799 ipsissimis
835 4727 1273 4795 evangelistarum
1323 4730 1499 4782 verbis
1548 4731 1803 4799 integram
1901 4745 1959 4781 τε
1989 4729 2079 4780 καὶ
2107 4727 2315 4798 εἱρμοῦ,
2349 4736 2407 4780 ιιι
2436 4726 2648 4779 Eusebii
2679 4724 2854 4777 verbis
2894 4731 3030 4774 utar.
3059 4721 3277 4791 Nempe,
3310 4737 3406 4790 per

269 4819 570 4894 quamdam
610 4815 883 4871 historiam
915 4817 1292 4881 evangelicam,
1327 4831 1419 4870 seu
1448 4819 1834 4874 Μαιῶται-θην
1904 4819 2146 4872 lustratis
2199 4818 2423 4885 singulis
2477 4815 2762 4867 harmoniae
2803 4815 2958 4867 istius
3004 4813 3265 4880 partibus,
3320 4826 3418 4865 una

271 4914 420 4966 Cum
446 4907 673 4975 primum
697 4916 869 4959 autem
897 4905 1032 4958 hanc
1059 4904 1387 4972 digessisset,
1414 4908 1567 4959 etiam
1597 4910 1808 4962 univer-
1905 4924 2024 4962 cum
2059 4907 2296 4960 numeris
2321 4905 2471 4973 juxta
2501 4904 2688 4972 postis
2711 4903 2766 4955 in
2789 4902 3026 4970 margine
3052 4901 3194 4969 (nam
3219 4909 3273 4954 et
3296 4900 3420 4964 illic,

271 5015 403 5056 sum
455 4995 858 5064 Evangeliorum
906 5001 1105 5047 textum
1151 4993 1202 5045 in
1254 4994 1514 5048 sectiones
1551 4999 1805 5064 quasdam
1905 4997 2104 5066 pariter
2129 5011 2192 5048 ac
2216 4996 2270 5048 in
2291 4995 2476 5047 codice
2500 4998 2617 5062 ejus
2635 4994 2940 5062 evangeliea
2958 4998 3239 5044 annotatos
3261 4989 3420 5044 fuisse

271 5089 492 5149 divisit,
527 5093 581 5140 et
622 5085 765 5139 notis
806 5081 1166 5138 numeralibus
1208 5082 1448 5137 distinxit
1480 5084 1533 5137 in
1570 5089 1808 5157 margine
1847 5154 1872 5157 _
1908 5101 2067 5154 supra
2099 5083 2476 5153 ostendimus),
2505 5083 2786 5136 constabat
2816 5097 3000 5136 omnes
3037 5081 3256 5132 omnino
3284 5079 3420 5148 peri-

273 5179 369 5235 sui
424 5172 766 5240 exemplaris.
825 5170 1097 5224 Sectiones
1143 5170 1259 5224 istae
1316 5185 1422 5222 non
1473 5172 1588 5226 aliae
1635 5154 1807 5237 erant,
1835 5154 1874 5209 θ
1906 5187 2070 5240 copas
2116 5171 2403 5241 evangelici
2451 5169 2651 5223 codicis
2707 5169 2775 5222 ad
2812 5169 2992 5222 decem
3047 5164 3264 5220 ordines
3315 5165 3423 5217 sive

274 5281 450 5339 quam
479 5277 615 5332 quas
650 5261 911 5328 hodieque
943 5260 996 5314 in
1045 5262 1288 5315 codicum
1328 5270 1628 5315 nostrorum
1678 5280 1814 5318 mar—
1907 5262 2108 5316 classes
2128 5261 2310 5316 reduci
2345 5260 2598 5328 potuisse.
2630 5257 2722 5312 Vel
2745 5258 2884 5310 enim
2911 5254 3172 5322 ejusmodi
3201 5267 3341 5312 esse,
3373 5253 3422 5304 in

279 5357 412 5426 giue
441 5348 684 5404 interiori
708 5349 946 5416 adpictas
977 5349 1530 5403 videmustnimirum
1553 5350 1606 5404 in
1636 5351 1807 5407 Evan-
1910 5351 2103 5419 quibus
2154 5365 2340 5404 omnes
2391 5357 2620 5416 quatuor
2676 5345 3011 5414 evangelista:
3065 5341 3422 5394 conveniant:

278 5445 427 5517 gelio
471 5439 706 5493 Matthwi
751 5438 874 5500 355,
928 5435 1100 5490 Marci
1134 5437 1257 5500 256,
1287 5436 1440 5490 Luem
1481 5439 1602 5502 340,
1644 5440 1810 5496 Joan-

1910 5443 1992 5494 vel
2030 5457 2091 5495 ex
2126 5441 2190 5495 iis
2221 5449 2331 5496 tres
2363 5447 2598 5501 tantum;
2640 5451 2828 5505 nempe
2865 5433 2999 5487 Mat.
3033 5431 3172 5484 Mar.
3206 5431 3332 5483 Luc.
3357 5458 3421 5470 -

284 5537 370 5589 nis
401 5531 528 5586 252.
565 5529 878 5584 Divisionem
905 5537 1077 5582 autem
1121 5528 1257 5582 hanc
1297 5527 1435 5580 haud
1466 5528 1568 5581 alio
1605 5529 1705 5585 line
1738 5533 1811 5586 in-
1910 5529 2042 5584 Mat.
2073 5529 2196 5584 Luc.
2224 5525 2608 5584 leam—Mat.
2639 5523 2806 5578 Marc.
2835 5522 2990 5576 Joan.
3017 5537 3033 5572 :
3057 5521 3136 5573 vel
3157 5520 3264 5572 duo
3285 5519 3423 5572 dun-

286 5626 534 5678 stitutam
574 5618 640 5670 ab
673 5625 885 5670 auctore
931 5630 1090 5688 supra
1131 5616 1381 5682 diximus,
1427 5631 1582 5684 quam
1631 5619 1695 5672 ad
1727 5621 1810 5676 de-

1909 5629 2084 5687 taxat;
2135 5621 2261 5674 Mat.
2307 5618 2431 5673 Luc.
2465 5646 2528 5658 ——
2553 5615 2686 5675 Mat,
2747 5614 2883 5668 Mar.
2908 5639 2974 5652 --—
2998 5609 3127 5664 Mat.
3170 5607 3327 5662 1mm.
3355 5623 3424 5648 -ι
